
@Article{	  alagador2014,
  author	= {Alagador, Diogo and Cerdeira, Jorge Orestes and
		  Ara{\'u}jo, Miguel Bastos},
  date-added	= {2014-03-22 01:50:52 +0000},
  date-modified	= {2014-03-22 01:51:30 +0000},
  doi		= {10.1111/1365-2664.12230},
  journal	= japplecol,
  keywords	= {prioritization},
  title		= {Shifting protected areas: scheduling spatial priorities
		  under climate change},
  year		= {2014},
  bdsk-file-1	= {YnBsaXN0MDDUAQIDBAUGJCVYJHZlcnNpb25YJG9iamVjdHNZJGFyY2hpdmVyVCR0b3ASAAGGoKgHCBMUFRYaIVUkbnVsbNMJCgsMDxJXTlMua2V5c1pOUy5vYmplY3RzViRjbGFzc6INDoACgAOiEBGABIAFgAdccmVsYXRpdmVQYXRoWWFsaWFzRGF0YV8QGi4uL1BhcGVycy9hbGFnYWRvcjIwMTQucGRm0hcLGBlXTlMuZGF0YU8RAZ4AAAAAAZ4AAgAADE1hY2ludG9zaCBIRAAAAAAAAAAAAAAAAAAAAMsj6+dIKwAAAAVzmRBhbGFnYWRvcjIwMTQucGRmAAAAAAAAAAAAAAAAAAAAAAAAAAAAAAAAAAAAAAAAAAAAAAAAAAAAAAAAAAAAAAAEjsB6z1I5ZVBERiAAAAAAAAEAAgAACSAAAAAAAAAAAAAAAAAAAAAGUGFwZXJzABAACAAAyyRcZwAAABEACAAAz1Kb1QAAAAEAEAAFc5kABQ/4AAR2ywAAwB8AAgBDTWFjaW50b3NoIEhEOlVzZXJzOgBzZWFuYW5kZXJzb246AERyb3Bib3g6AFBhcGVyczoAYWxhZ2Fkb3IyMDE0LnBkZgAADgAiABAAYQBsAGEAZwBhAGQAbwByADIAMAAxADQALgBwAGQAZgAPABoADABNAGEAYwBpAG4AdABvAHMAaAAgAEgARAASADJVc2Vycy9zZWFuYW5kZXJzb24vRHJvcGJveC9QYXBlcnMvYWxhZ2Fkb3IyMDE0LnBkZgATAAEvAAAVAAIAE///AACABtIbHB0eWiRjbGFzc25hbWVYJGNsYXNzZXNdTlNNdXRhYmxlRGF0YaMdHyBWTlNEYXRhWE5TT2JqZWN00hscIiNcTlNEaWN0aW9uYXJ5oiIgXxAPTlNLZXllZEFyY2hpdmVy0SYnVHJvb3SAAQAIABEAGgAjAC0AMgA3AEAARgBNAFUAYABnAGoAbABuAHEAcwB1AHcAhACOAKsAsAC4AloCXAJhAmwCdQKDAocCjgKXApwCqQKsAr4CwQLGAAAAAAAAAgEAAAAAAAAAKAAAAAAAAAAAAAAAAAAAAsg=}
		  
}

@Article{	  allen2001,
  author	= {Allen, A.P. and Li, B.-L. and Charnov, E.L.},
  date-added	= {2014-04-14 17:37:27 +0000},
  date-modified	= {2014-04-14 17:37:48 +0000},
  doi		= {10.1046/j.1461-0248.2001.00194.x},
  journal	= ecollett,
  keywords	= {power-law},
  number	= {1},
  pages		= {1--3},
  title		= {Population fluctuations, power laws and mixtures of
		  lognormal distributions},
  volume	= {4},
  year		= {2001},
  bdsk-file-1	= {YnBsaXN0MDDUAQIDBAUGJCVYJHZlcnNpb25YJG9iamVjdHNZJGFyY2hpdmVyVCR0b3ASAAGGoKgHCBMUFRYaIVUkbnVsbNMJCgsMDxJXTlMua2V5c1pOUy5vYmplY3RzViRjbGFzc6INDoACgAOiEBGABIAFgAdccmVsYXRpdmVQYXRoWWFsaWFzRGF0YV8QFy4uL1BhcGVycy9hbGxlbjIwMDEucGRm0hcLGBlXTlMuZGF0YU8RAZIAAAAAAZIAAgAADE1hY2ludG9zaCBIRAAAAAAAAAAAAAAAAAAAAMsj6+dIKwAAAAVzmQ1hbGxlbjIwMDEucGRmAAAAAAAAAAAAAAAAAAAAAAAAAAAAAAAAAAAAAAAAAAAAAAAAAAAAAAAAAAAAAAAAAAAErTZhz3FrHQAAAAAAAAAAAAEAAgAACSAAAAAAAAAAAAAAAAAAAAAGUGFwZXJzABAACAAAyyRcZwAAABEACAAAz3HNjQAAAAEAEAAFc5kABQ/4AAR2ywAAwB8AAgBATWFjaW50b3NoIEhEOlVzZXJzOgBzZWFuYW5kZXJzb246AERyb3Bib3g6AFBhcGVyczoAYWxsZW4yMDAxLnBkZgAOABwADQBhAGwAbABlAG4AMgAwADAAMQAuAHAAZABmAA8AGgAMAE0AYQBjAGkAbgB0AG8AcwBoACAASABEABIAL1VzZXJzL3NlYW5hbmRlcnNvbi9Ecm9wYm94L1BhcGVycy9hbGxlbjIwMDEucGRmAAATAAEvAAAVAAIAE///AACABtIbHB0eWiRjbGFzc25hbWVYJGNsYXNzZXNdTlNNdXRhYmxlRGF0YaMdHyBWTlNEYXRhWE5TT2JqZWN00hscIiNcTlNEaWN0aW9uYXJ5oiIgXxAPTlNLZXllZEFyY2hpdmVy0SYnVHJvb3SAAQAIABEAGgAjAC0AMgA3AEAARgBNAFUAYABnAGoAbABuAHEAcwB1AHcAhACOAKgArQC1AksCTQJSAl0CZgJ0AngCfwKIAo0CmgKdAq8CsgK3AAAAAAAAAgEAAAAAAAAAKAAAAAAAAAAAAAAAAAAAArk=}
		  
}

@Article{	  beaugrand2012,
  author	= {G Beaugrand},
  date-added	= {2012-01-20 22:10:14 +0000},
  date-modified	= {2013-05-28 02:51:28 +0000},
  doi		= {10.3354/meps09493},
  journal	= meps,
  keywords	= {black-swans},
  pages		= {293--301},
  title		= {Unanticipated biological changes and global warming},
  volume	= {445},
  year		= {2012},
  bdsk-file-1	= {YnBsaXN0MDDUAQIDBAUGJCVYJHZlcnNpb25YJG9iamVjdHNZJGFyY2hpdmVyVCR0b3ASAAGGoKgHCBMUFRYaIVUkbnVsbNMJCgsMDxJXTlMua2V5c1pOUy5vYmplY3RzViRjbGFzc6INDoACgAOiEBGABIAFgAdccmVsYXRpdmVQYXRoWWFsaWFzRGF0YV8QGy4uL1BhcGVycy9iZWF1Z3JhbmQyMDEyLnBkZtIXCxgZV05TLmRhdGFPEQGiAAAAAAGiAAIAAAxNYWNpbnRvc2ggSEQAAAAAAAAAAAAAAAAAAADLI+vnSCsAAAAFc5kRYmVhdWdyYW5kMjAxMi5wZGYAAAAAAAAAAAAAAAAAAAAAAAAAAAAAAAAAAAAAAAAAAAAAAAAAAAAAAAAAAAAAADZBBMs/JjEAAAAAAAAAAAABAAIAAAkgAAAAAAAAAAAAAAAAAAAABlBhcGVycwAQAAgAAMskXGcAAAARAAgAAMs/lrEAAAABABAABXOZAAUP+AAEdssAAMAfAAIARE1hY2ludG9zaCBIRDpVc2VyczoAc2VhbmFuZGVyc29uOgBEcm9wYm94OgBQYXBlcnM6AGJlYXVncmFuZDIwMTIucGRmAA4AJAARAGIAZQBhAHUAZwByAGEAbgBkADIAMAAxADIALgBwAGQAZgAPABoADABNAGEAYwBpAG4AdABvAHMAaAAgAEgARAASADNVc2Vycy9zZWFuYW5kZXJzb24vRHJvcGJveC9QYXBlcnMvYmVhdWdyYW5kMjAxMi5wZGYAABMAAS8AABUAAgAT//8AAIAG0hscHR5aJGNsYXNzbmFtZVgkY2xhc3Nlc11OU011dGFibGVEYXRhox0fIFZOU0RhdGFYTlNPYmplY3TSGxwiI1xOU0RpY3Rpb25hcnmiIiBfEA9OU0tleWVkQXJjaGl2ZXLRJidUcm9vdIABAAgAEQAaACMALQAyADcAQABGAE0AVQBgAGcAagBsAG4AcQBzAHUAdwCEAI4ArACxALkCXwJhAmYCcQJ6AogCjAKTApwCoQKuArECwwLGAssAAAAAAAACAQAAAAAAAAAoAAAAAAAAAAAAAAAAAAACzQ==}
		  
}

@Article{	  brook2006,
  annote	= {doi:
		  10.1890/0012-9658(2006)87{$[$}1445:SOEFDD{$]$}2.0.CO;2},
  author	= {Brook, Barry W. and Bradshaw, Corey J. A.},
  date-added	= {2014-04-24 00:03:30 +0000},
  date-modified	= {2014-04-24 00:03:54 +0000},
  doi		= {10.1890/0012-9658(2006)87{$[$}1445:SOEFDD{$]$}2.0.CO;2},
  journal	= {Ecology},
  month		= {2014/04/23},
  number	= {6},
  pages		= {1445--1451},
  title		= {Strength of evidence for density dependence in abundance
		  time series of 1198 species},
  volume	= {87},
  year		= {2006},
  bdsk-file-1	= {YnBsaXN0MDDUAQIDBAUGJCVYJHZlcnNpb25YJG9iamVjdHNZJGFyY2hpdmVyVCR0b3ASAAGGoKgHCBMUFRYaIVUkbnVsbNMJCgsMDxJXTlMua2V5c1pOUy5vYmplY3RzViRjbGFzc6INDoACgAOiEBGABIAFgAdccmVsYXRpdmVQYXRoWWFsaWFzRGF0YV8QFy4uL1BhcGVycy9icm9vazIwMDYucGRm0hcLGBlXTlMuZGF0YU8RAZIAAAAAAZIAAgAADE1hY2ludG9zaCBIRAAAAAAAAAAAAAAAAAAAAMsj6+dIKwAAAAVzmQ1icm9vazIwMDYucGRmAAAAAAAAAAAAAAAAAAAAAAAAAAAAAAAAAAAAAAAAAAAAAAAAAAAAAAAAAAAAAAAAAAAEt+J5z32ixwAAAAAAAAAAAAEAAgAACSAAAAAAAAAAAAAAAAAAAAAGUGFwZXJzABAACAAAyyRcZwAAABEACAAAz34FNwAAAAEAEAAFc5kABQ/4AAR2ywAAwB8AAgBATWFjaW50b3NoIEhEOlVzZXJzOgBzZWFuYW5kZXJzb246AERyb3Bib3g6AFBhcGVyczoAYnJvb2syMDA2LnBkZgAOABwADQBiAHIAbwBvAGsAMgAwADAANgAuAHAAZABmAA8AGgAMAE0AYQBjAGkAbgB0AG8AcwBoACAASABEABIAL1VzZXJzL3NlYW5hbmRlcnNvbi9Ecm9wYm94L1BhcGVycy9icm9vazIwMDYucGRmAAATAAEvAAAVAAIAE///AACABtIbHB0eWiRjbGFzc25hbWVYJGNsYXNzZXNdTlNNdXRhYmxlRGF0YaMdHyBWTlNEYXRhWE5TT2JqZWN00hscIiNcTlNEaWN0aW9uYXJ5oiIgXxAPTlNLZXllZEFyY2hpdmVy0SYnVHJvb3SAAQAIABEAGgAjAC0AMgA3AEAARgBNAFUAYABnAGoAbABuAHEAcwB1AHcAhACOAKgArQC1AksCTQJSAl0CZgJ0AngCfwKIAo0CmgKdAq8CsgK3AAAAAAAAAgEAAAAAAAAAKAAAAAAAAAAAAAAAAAAAArk=}
		  
}

@Article{	  brook2006a,
  author	= {Brook, Barry W. and Traill, Lochran W. and Bradshaw, Corey
		  J. A.},
  date-added	= {2014-09-18 22:23:10 +0000},
  date-modified	= {2014-09-18 22:23:48 +0000},
  doi		= {10.1111/j.1461-0248.2006.00883.x},
  journal	= ecollett,
  number	= {4},
  pages		= {375--382},
  title		= {Minimum viable population sizes and global extinction risk
		  are unrelated},
  volume	= {9},
  year		= {2006},
  bdsk-file-1	= {YnBsaXN0MDDUAQIDBAUGJCVYJHZlcnNpb25YJG9iamVjdHNZJGFyY2hpdmVyVCR0b3ASAAGGoKgHCBMUFRYaIVUkbnVsbNMJCgsMDxJXTlMua2V5c1pOUy5vYmplY3RzViRjbGFzc6INDoACgAOiEBGABIAFgAdccmVsYXRpdmVQYXRoWWFsaWFzRGF0YV8QGC4uL1BhcGVycy9icm9vazIwMDZhLnBkZtIXCxgZV05TLmRhdGFPEQGWAAAAAAGWAAIAAAxNYWNpbnRvc2ggSEQAAAAAAAAAAAAAAAAAAADLI+vnSCsAAAAFc5kOYnJvb2syMDA2YS5wZGYAAAAAAAAAAAAAAAAAAAAAAAAAAAAAAAAAAAAAAAAAAAAAAAAAAAAAAAAAAAAAAAAABUQ9xNBAqUoAAAAAAAAAAAABAAIAAAkgAAAAAAAAAAAAAAAAAAAABlBhcGVycwAQAAgAAMskXGcAAAARAAgAANBBC7oAAAABABAABXOZAAUP+AAEdssAAMAfAAIAQU1hY2ludG9zaCBIRDpVc2VyczoAc2VhbmFuZGVyc29uOgBEcm9wYm94OgBQYXBlcnM6AGJyb29rMjAwNmEucGRmAAAOAB4ADgBiAHIAbwBvAGsAMgAwADAANgBhAC4AcABkAGYADwAaAAwATQBhAGMAaQBuAHQAbwBzAGgAIABIAEQAEgAwVXNlcnMvc2VhbmFuZGVyc29uL0Ryb3Bib3gvUGFwZXJzL2Jyb29rMjAwNmEucGRmABMAAS8AABUAAgAT//8AAIAG0hscHR5aJGNsYXNzbmFtZVgkY2xhc3Nlc11OU011dGFibGVEYXRhox0fIFZOU0RhdGFYTlNPYmplY3TSGxwiI1xOU0RpY3Rpb25hcnmiIiBfEA9OU0tleWVkQXJjaGl2ZXLRJidUcm9vdIABAAgAEQAaACMALQAyADcAQABGAE0AVQBgAGcAagBsAG4AcQBzAHUAdwCEAI4AqQCuALYCUAJSAlcCYgJrAnkCfQKEAo0CkgKfAqICtAK3ArwAAAAAAAACAQAAAAAAAAAoAAAAAAAAAAAAAAAAAAACvg==}
		  
}

@Article{	  clark2010,
  author	= {Clark, Francis and Brook, Barry W. and Delean, Steven and
		  Re{\c s}it Ak{\c c}akaya, H. and Bradshaw, Corey J. A.},
  date-added	= {2014-05-12 23:07:26 +0000},
  date-modified	= {2014-05-12 23:07:55 +0000},
  doi		= {10.1111/j.2041-210X.2010.00029.x},
  journal	= methodsecolevol,
  number	= {3},
  pages		= {253--262},
  title		= {The theta-logistic is unreliable for modelling most census
		  data},
  volume	= {1},
  year		= {2010},
  bdsk-file-1	= {YnBsaXN0MDDUAQIDBAUGJCVYJHZlcnNpb25YJG9iamVjdHNZJGFyY2hpdmVyVCR0b3ASAAGGoKgHCBMUFRYaIVUkbnVsbNMJCgsMDxJXTlMua2V5c1pOUy5vYmplY3RzViRjbGFzc6INDoACgAOiEBGABIAFgAdccmVsYXRpdmVQYXRoWWFsaWFzRGF0YV8QFy4uL1BhcGVycy9jbGFyazIwMTAucGRm0hcLGBlXTlMuZGF0YU8RAZIAAAAAAZIAAgAADE1hY2ludG9zaCBIRAAAAAAAAAAAAAAAAAAAAMsj6+dIKwAAAAVzmQ1jbGFyazIwMTAucGRmAAAAAAAAAAAAAAAAAAAAAAAAAAAAAAAAAAAAAAAAAAAAAAAAAAAAAAAAAAAAAAAAAAAExNMyz5aguQAAAAAAAAAAAAEAAgAACSAAAAAAAAAAAAAAAAAAAAAGUGFwZXJzABAACAAAyyRcZwAAABEACAAAz5cDKQAAAAEAEAAFc5kABQ/4AAR2ywAAwB8AAgBATWFjaW50b3NoIEhEOlVzZXJzOgBzZWFuYW5kZXJzb246AERyb3Bib3g6AFBhcGVyczoAY2xhcmsyMDEwLnBkZgAOABwADQBjAGwAYQByAGsAMgAwADEAMAAuAHAAZABmAA8AGgAMAE0AYQBjAGkAbgB0AG8AcwBoACAASABEABIAL1VzZXJzL3NlYW5hbmRlcnNvbi9Ecm9wYm94L1BhcGVycy9jbGFyazIwMTAucGRmAAATAAEvAAAVAAIAE///AACABtIbHB0eWiRjbGFzc25hbWVYJGNsYXNzZXNdTlNNdXRhYmxlRGF0YaMdHyBWTlNEYXRhWE5TT2JqZWN00hscIiNcTlNEaWN0aW9uYXJ5oiIgXxAPTlNLZXllZEFyY2hpdmVy0SYnVHJvb3SAAQAIABEAGgAjAC0AMgA3AEAARgBNAFUAYABnAGoAbABuAHEAcwB1AHcAhACOAKgArQC1AksCTQJSAl0CZgJ0AngCfwKIAo0CmgKdAq8CsgK3AAAAAAAAAgEAAAAAAAAAKAAAAAAAAAAAAAAAAAAAArk=}
		  
}

@Article{	  connors2014,
  author	= {Connors, B. M. and Cooper, A. B. and Peterman, R. M. and
		  Dulvy, N. K.},
  date-added	= {2014-07-14 20:46:32 +0000},
  date-modified	= {2014-07-14 20:47:07 +0000},
  doi		= {10.1098/rspb.2013.2935},
  journal	= prsb,
  number	= {1787},
  title		= {The false classification of extinction risk in noisy
		  environments},
  volume	= {281},
  year		= {2014},
  bdsk-file-1	= {YnBsaXN0MDDUAQIDBAUGJCVYJHZlcnNpb25YJG9iamVjdHNZJGFyY2hpdmVyVCR0b3ASAAGGoKgHCBMUFRYaIVUkbnVsbNMJCgsMDxJXTlMua2V5c1pOUy5vYmplY3RzViRjbGFzc6INDoACgAOiEBGABIAFgAdccmVsYXRpdmVQYXRoWWFsaWFzRGF0YV8QGS4uL1BhcGVycy9jb25ub3JzMjAxNC5wZGbSFwsYGVdOUy5kYXRhTxEBmgAAAAABmgACAAAMTWFjaW50b3NoIEhEAAAAAAAAAAAAAAAAAAAAyyPr50grAAAABXOZD2Nvbm5vcnMyMDE0LnBkZgAAAAAAAAAAAAAAAAAAAAAAAAAAAAAAAAAAAAAAAAAAAAAAAAAAAAAAAAAAAAAAAAUKvOLP6Y+VUERGIAAAAAAAAQACAAAJIAAAAAAAAAAAAAAAAAAAAAZQYXBlcnMAEAAIAADLJFxnAAAAEQAIAADP6fIFAAAAAQAQAAVzmQAFD/gABHbLAADAHwACAEJNYWNpbnRvc2ggSEQ6VXNlcnM6AHNlYW5hbmRlcnNvbjoARHJvcGJveDoAUGFwZXJzOgBjb25ub3JzMjAxNC5wZGYADgAgAA8AYwBvAG4AbgBvAHIAcwAyADAAMQA0AC4AcABkAGYADwAaAAwATQBhAGMAaQBuAHQAbwBzAGgAIABIAEQAEgAxVXNlcnMvc2VhbmFuZGVyc29uL0Ryb3Bib3gvUGFwZXJzL2Nvbm5vcnMyMDE0LnBkZgAAEwABLwAAFQACABP//wAAgAbSGxwdHlokY2xhc3NuYW1lWCRjbGFzc2VzXU5TTXV0YWJsZURhdGGjHR8gVk5TRGF0YVhOU09iamVjdNIbHCIjXE5TRGljdGlvbmFyeaIiIF8QD05TS2V5ZWRBcmNoaXZlctEmJ1Ryb290gAEACAARABoAIwAtADIANwBAAEYATQBVAGAAZwBqAGwAbgBxAHMAdQB3AIQAjgCqAK8AtwJVAlcCXAJnAnACfgKCAokCkgKXAqQCpwK5ArwCwQAAAAAAAAIBAAAAAAAAACgAAAAAAAAAAAAAAAAAAALD}
		  
}

@Article{	  dennis2006,
  annote	= {doi:
		  10.1890/0012-9615(2006)76{$[$}323:EDDPNA{$]$}2.0.CO;2},
  author	= {Dennis, Brian and Ponciano, Jos{\'e} Miguel and Lele,
		  Subhash R. and Taper, Mark L. and Staples, David F.},
  date-added	= {2014-04-24 00:04:44 +0000},
  date-modified	= {2014-04-24 00:05:54 +0000},
  doi		= {10.1890/0012-9615(2006)76{$[$}323:EDDPNA{$]$}2.0.CO;2},
  journal	= ecolmonograph,
  month		= {2014/04/23},
  number	= {3},
  pages		= {323--341},
  title		= {Estimating density dependence, process noise, and
		  observation error},
  volume	= {76},
  year		= {2006},
  bdsk-file-1	= {YnBsaXN0MDDUAQIDBAUGJCVYJHZlcnNpb25YJG9iamVjdHNZJGFyY2hpdmVyVCR0b3ASAAGGoKgHCBMUFRYaIVUkbnVsbNMJCgsMDxJXTlMua2V5c1pOUy5vYmplY3RzViRjbGFzc6INDoACgAOiEBGABIAFgAdccmVsYXRpdmVQYXRoWWFsaWFzRGF0YV8QGC4uL1BhcGVycy9kZW5uaXMyMDA2LnBkZtIXCxgZV05TLmRhdGFPEQGWAAAAAAGWAAIAAAxNYWNpbnRvc2ggSEQAAAAAAAAAAAAAAAAAAADLI+vnSCsAAAAFc5kOZGVubmlzMjAwNi5wZGYAAAAAAAAAAAAAAAAAAAAAAAAAAAAAAAAAAAAAAAAAAAAAAAAAAAAAAAAAAAAAAAAABLfg4c99oqoAAAAAAAAAAAABAAIAAAkgAAAAAAAAAAAAAAAAAAAABlBhcGVycwAQAAgAAMskXGcAAAARAAgAAM9+BRoAAAABABAABXOZAAUP+AAEdssAAMAfAAIAQU1hY2ludG9zaCBIRDpVc2VyczoAc2VhbmFuZGVyc29uOgBEcm9wYm94OgBQYXBlcnM6AGRlbm5pczIwMDYucGRmAAAOAB4ADgBkAGUAbgBuAGkAcwAyADAAMAA2AC4AcABkAGYADwAaAAwATQBhAGMAaQBuAHQAbwBzAGgAIABIAEQAEgAwVXNlcnMvc2VhbmFuZGVyc29uL0Ryb3Bib3gvUGFwZXJzL2Rlbm5pczIwMDYucGRmABMAAS8AABUAAgAT//8AAIAG0hscHR5aJGNsYXNzbmFtZVgkY2xhc3Nlc11OU011dGFibGVEYXRhox0fIFZOU0RhdGFYTlNPYmplY3TSGxwiI1xOU0RpY3Rpb25hcnmiIiBfEA9OU0tleWVkQXJjaGl2ZXLRJidUcm9vdIABAAgAEQAaACMALQAyADcAQABGAE0AVQBgAGcAagBsAG4AcQBzAHUAdwCEAI4AqQCuALYCUAJSAlcCYgJrAnkCfQKEAo0CkgKfAqICtAK3ArwAAAAAAAACAQAAAAAAAAAoAAAAAAAAAAAAAAAAAAACvg==}
		  
}

@Article{	  denny2009,
  annote	= {doi: 10.1890/08-0579.1},
  author	= {Denny, Mark W. and Hunt, Luke J. H. and Miller, Luke P.
		  and Harley, Christopher D. G.},
  date-added	= {2014-04-14 23:07:20 +0000},
  date-modified	= {2014-04-14 23:07:37 +0000},
  doi		= {10.1890/08-0579.1},
  journal	= ecolmonograph,
  number	= {3},
  pages		= {397--421},
  title		= {On the prediction of extreme ecological events},
  volume	= {79},
  year		= {2009},
  bdsk-file-1	= {YnBsaXN0MDDUAQIDBAUGJCVYJHZlcnNpb25YJG9iamVjdHNZJGFyY2hpdmVyVCR0b3ASAAGGoKgHCBMUFRYaIVUkbnVsbNMJCgsMDxJXTlMua2V5c1pOUy5vYmplY3RzViRjbGFzc6INDoACgAOiEBGABIAFgAdccmVsYXRpdmVQYXRoWWFsaWFzRGF0YV8QFy4uL1BhcGVycy9kZW5ueTIwMDkucGRm0hcLGBlXTlMuZGF0YU8RAZIAAAAAAZIAAgAADE1hY2ludG9zaCBIRAAAAAAAAAAAAAAAAAAAAMsj6+dIKwAAAAVzmQ1kZW5ueTIwMDkucGRmAAAAAAAAAAAAAAAAAAAAAAAAAAAAAAAAAAAAAAAAAAAAAAAAAAAAAAAAAAAAAAAAAAAErfnaz3G4WQAAAAAAAAAAAAEAAgAACSAAAAAAAAAAAAAAAAAAAAAGUGFwZXJzABAACAAAyyRcZwAAABEACAAAz3IayQAAAAEAEAAFc5kABQ/4AAR2ywAAwB8AAgBATWFjaW50b3NoIEhEOlVzZXJzOgBzZWFuYW5kZXJzb246AERyb3Bib3g6AFBhcGVyczoAZGVubnkyMDA5LnBkZgAOABwADQBkAGUAbgBuAHkAMgAwADAAOQAuAHAAZABmAA8AGgAMAE0AYQBjAGkAbgB0AG8AcwBoACAASABEABIAL1VzZXJzL3NlYW5hbmRlcnNvbi9Ecm9wYm94L1BhcGVycy9kZW5ueTIwMDkucGRmAAATAAEvAAAVAAIAE///AACABtIbHB0eWiRjbGFzc25hbWVYJGNsYXNzZXNdTlNNdXRhYmxlRGF0YaMdHyBWTlNEYXRhWE5TT2JqZWN00hscIiNcTlNEaWN0aW9uYXJ5oiIgXxAPTlNLZXllZEFyY2hpdmVy0SYnVHJvb3SAAQAIABEAGgAjAC0AMgA3AEAARgBNAFUAYABnAGoAbABuAHEAcwB1AHcAhACOAKgArQC1AksCTQJSAl0CZgJ0AngCfwKIAo0CmgKdAq8CsgK3AAAAAAAAAgEAAAAAAAAAKAAAAAAAAAAAAAAAAAAAArk=}
		  
}

@Article{	  doak2008,
  abstract	= {Ecological surprises, substantial and unanticipated
		  changes in the abundance of one or more species that result
		  from previously unsuspected processes, are a common outcome
		  of both experiments and observations in community and
		  population ecology. Here, we give examples of such
		  surprises along with the results of a survey of
		  well-established field ecologists, most of whom have
		  encountered one or more surprises over the course of their
		  careers. Truly surprising results are common enough to
		  require their consideration in any reasonable effort to
		  characterize nature and manage natural resources. We
		  classify surprises as dynamic-, pattern-, or
		  intervention-based, and we speculate on the common
		  processes that cause ecological systems to so often
		  surprise us. A long-standing and still growing concern in
		  the ecological literature is how best to make predictions
		  of future population and community dynamics. Although most
		  work on this subject involves statistical aspects of data
		  analysis and modeling, the frequency and nature of
		  ecological surprises imply that uncertainty cannot be
		  easily tamed through improved analytical procedures, and
		  that prudent management of both exploited and conserved
		  communities will require precautionary and adaptive
		  management approaches.},
  author	= {Doak, Daniel F. and Estes, James A. and Halpern, Benjamin
		  S. and Jacob, Ute and Lindberg, David R. and Lovvorn, James
		  and Monson, Daniel H. and Tinker, M. Timothy and Williams,
		  Terrie M. and Wootton, J. Timothy and Carroll, Ian and
		  Emmerson, Mark and Micheli, Fiorenza and Novak, Mark},
  date-added	= {2012-01-10 03:40:51 +0000},
  date-modified	= {2014-09-12 18:04:26 +0000},
  doi		= {10.1890/07-0965.1},
  journal	= {Ecology},
  keywords	= {black-swans, , uncertainty, risk, great-papers},
  number	= {4},
  pages		= {952--961},
  title		= {Understanding and Predicting Ecological Dynamics: Are
		  Major Surprises Inevitable?},
  volume	= {89},
  year		= {2008},
  bdsk-file-1	= {YnBsaXN0MDDUAQIDBAUGJCVYJHZlcnNpb25YJG9iamVjdHNZJGFyY2hpdmVyVCR0b3ASAAGGoKgHCBMUFRYaIVUkbnVsbNMJCgsMDxJXTlMua2V5c1pOUy5vYmplY3RzViRjbGFzc6INDoACgAOiEBGABIAFgAdccmVsYXRpdmVQYXRoWWFsaWFzRGF0YV8QFi4uL1BhcGVycy9kb2FrMjAwOC5wZGbSFwsYGVdOUy5kYXRhTxEBjgAAAAABjgACAAAMTWFjaW50b3NoIEhEAAAAAAAAAAAAAAAAAAAAyyPr50grAAAABXOZDGRvYWsyMDA4LnBkZgAAAAAAAAAAAAAAAAAAAAAAAAAAAAAAAAAAAAAAAAAAAAAAAAAAAAAAAAAAAAAAAAAAAAAmYifLMPM3UERGIAAAAAAAAQACAAAJIAAAAAAAAAAAAAAAAAAAAAZQYXBlcnMAEAAIAADLJFxnAAAAEQAIAADLMWO3AAAAAQAQAAVzmQAFD/gABHbLAADAHwACAD9NYWNpbnRvc2ggSEQ6VXNlcnM6AHNlYW5hbmRlcnNvbjoARHJvcGJveDoAUGFwZXJzOgBkb2FrMjAwOC5wZGYAAA4AGgAMAGQAbwBhAGsAMgAwADAAOAAuAHAAZABmAA8AGgAMAE0AYQBjAGkAbgB0AG8AcwBoACAASABEABIALlVzZXJzL3NlYW5hbmRlcnNvbi9Ecm9wYm94L1BhcGVycy9kb2FrMjAwOC5wZGYAEwABLwAAFQACABP//wAAgAbSGxwdHlokY2xhc3NuYW1lWCRjbGFzc2VzXU5TTXV0YWJsZURhdGGjHR8gVk5TRGF0YVhOU09iamVjdNIbHCIjXE5TRGljdGlvbmFyeaIiIF8QD05TS2V5ZWRBcmNoaXZlctEmJ1Ryb290gAEACAARABoAIwAtADIANwBAAEYATQBVAGAAZwBqAGwAbgBxAHMAdQB3AIQAjgCnAKwAtAJGAkgCTQJYAmECbwJzAnoCgwKIApUCmAKqAq0CsgAAAAAAAAIBAAAAAAAAACgAAAAAAAAAAAAAAAAAAAK0}
		  ,
  bdsk-url-1	= {http://dx.doi.org/10.1890/07-0965.1}
}

@Article{	  drenner2014,
  author	= {Drenner SM and Hinch SG and Martins EG and Robichaud D and
		  Thompson LA and Patterson DA and Cooke SJ and Thomson RE},
  date-added	= {2014-01-27 23:10:36 +0000},
  date-modified	= {2014-01-27 23:11:29 +0000},
  do		= {10.3354/meps10551},
  journal	= meps,
  keywords	= {thermal-tolerance;salmon;metapopulations},
  pages		= {109--124},
  title		= {Variable thermal experience and diel thermal patterns of
		  homing sockeye salmon in coastal marine waters},
  volume	= {496},
  year		= {2014},
  bdsk-file-1	= {YnBsaXN0MDDUAQIDBAUGJCVYJHZlcnNpb25YJG9iamVjdHNZJGFyY2hpdmVyVCR0b3ASAAGGoKgHCBMUFRYaIVUkbnVsbNMJCgsMDxJXTlMua2V5c1pOUy5vYmplY3RzViRjbGFzc6INDoACgAOiEBGABIAFgAdccmVsYXRpdmVQYXRoWWFsaWFzRGF0YV8QGS4uL1BhcGVycy9kcmVubmVyMjAxNC5wZGbSFwsYGVdOUy5kYXRhTxEBmgAAAAABmgACAAAMTWFjaW50b3NoIEhEAAAAAAAAAAAAAAAAAAAAyyPr50grAAAABXOZD2RyZW5uZXIyMDE0LnBkZgAAAAAAAAAAAAAAAAAAAAAAAAAAAAAAAAAAAAAAAAAAAAAAAAAAAAAAAAAAAAAAAARehJjPDCcwAAAAAAAAAAAAAQACAAAJIAAAAAAAAAAAAAAAAAAAAAZQYXBlcnMAEAAIAADLJFxnAAAAEQAIAADPDJewAAAAAQAQAAVzmQAFD/gABHbLAADAHwACAEJNYWNpbnRvc2ggSEQ6VXNlcnM6AHNlYW5hbmRlcnNvbjoARHJvcGJveDoAUGFwZXJzOgBkcmVubmVyMjAxNC5wZGYADgAgAA8AZAByAGUAbgBuAGUAcgAyADAAMQA0AC4AcABkAGYADwAaAAwATQBhAGMAaQBuAHQAbwBzAGgAIABIAEQAEgAxVXNlcnMvc2VhbmFuZGVyc29uL0Ryb3Bib3gvUGFwZXJzL2RyZW5uZXIyMDE0LnBkZgAAEwABLwAAFQACABP//wAAgAbSGxwdHlokY2xhc3NuYW1lWCRjbGFzc2VzXU5TTXV0YWJsZURhdGGjHR8gVk5TRGF0YVhOU09iamVjdNIbHCIjXE5TRGljdGlvbmFyeaIiIF8QD05TS2V5ZWRBcmNoaXZlctEmJ1Ryb290gAEACAARABoAIwAtADIANwBAAEYATQBVAGAAZwBqAGwAbgBxAHMAdQB3AIQAjgCqAK8AtwJVAlcCXAJnAnACfgKCAokCkgKXAqQCpwK5ArwCwQAAAAAAAAIBAAAAAAAAACgAAAAAAAAAAAAAAAAAAALD}
		  
}

@Article{	  easterling2000,
  abstract	= {One of the major concerns with a potential change in
		  climate is that an increase in extreme events will occur.
		  Results of observational studies suggest that in many areas
		  that have been analyzed, changes in total precipitation are
		  amplified at the tails, and changes in some temperature
		  extremes have been observed. Model output has been analyzed
		  that shows changes in extreme events for future climates,
		  such as increases in extreme high temperatures, decreases
		  in extreme low temperatures, and increases in intense
		  precipitation events. In addition, the societal
		  infrastructure is becoming more sensitive to weather and
		  climate extremes, which would be exacerbated by climate
		  change. In wild plants and animals, climate-induced
		  extinctions, distributional and phenological changes, and
		  species' range shifts are being documented at an increasing
		  rate. Several apparently gradual biological changes are
		  linked to responses to extreme weather and climate
		  events.},
  author	= {Easterling, David R. and Meehl, Gerald A. and Parmesan,
		  Camille and Changnon, Stanley A. and Karl, Thomas R. and
		  Mearns, Linda O.},
  date-added	= {2014-09-09 06:38:59 +0000},
  date-modified	= {2014-09-09 06:39:19 +0000},
  doi		= {10.1126/science.289.5487.2068},
  journal	= {Science},
  number	= {5487},
  pages		= {2068--2074},
  title		= {Climate Extremes: Observations, Modeling, and Impacts},
  volume	= {289},
  year		= {2000},
  bdsk-file-1	= {YnBsaXN0MDDUAQIDBAUGJCVYJHZlcnNpb25YJG9iamVjdHNZJGFyY2hpdmVyVCR0b3ASAAGGoKgHCBMUFRYaIVUkbnVsbNMJCgsMDxJXTlMua2V5c1pOUy5vYmplY3RzViRjbGFzc6INDoACgAOiEBGABIAFgAdccmVsYXRpdmVQYXRoWWFsaWFzRGF0YV8QHC4uL1BhcGVycy9lYXN0ZXJsaW5nMjAwMC5wZGbSFwsYGVdOUy5kYXRhTxEBpgAAAAABpgACAAAMTWFjaW50b3NoIEhEAAAAAAAAAAAAAAAAAAAAyyPr50grAAAABXOZEmVhc3RlcmxpbmcyMDAwLnBkZgAAAAAAAAAAAAAAAAAAAAAAAAAAAAAAAAAAAAAAAAAAAAAAAAAAAAAAAAAAAAU9HSvQM+7EUERGIAAAAAAAAQACAAAJIAAAAAAAAAAAAAAAAAAAAAZQYXBlcnMAEAAIAADLJFxnAAAAEQAIAADQNFE0AAAAAQAQAAVzmQAFD/gABHbLAADAHwACAEVNYWNpbnRvc2ggSEQ6VXNlcnM6AHNlYW5hbmRlcnNvbjoARHJvcGJveDoAUGFwZXJzOgBlYXN0ZXJsaW5nMjAwMC5wZGYAAA4AJgASAGUAYQBzAHQAZQByAGwAaQBuAGcAMgAwADAAMAAuAHAAZABmAA8AGgAMAE0AYQBjAGkAbgB0AG8AcwBoACAASABEABIANFVzZXJzL3NlYW5hbmRlcnNvbi9Ecm9wYm94L1BhcGVycy9lYXN0ZXJsaW5nMjAwMC5wZGYAEwABLwAAFQACABP//wAAgAbSGxwdHlokY2xhc3NuYW1lWCRjbGFzc2VzXU5TTXV0YWJsZURhdGGjHR8gVk5TRGF0YVhOU09iamVjdNIbHCIjXE5TRGljdGlvbmFyeaIiIF8QD05TS2V5ZWRBcmNoaXZlctEmJ1Ryb290gAEACAARABoAIwAtADIANwBAAEYATQBVAGAAZwBqAGwAbgBxAHMAdQB3AIQAjgCtALIAugJkAmYCawJ2An8CjQKRApgCoQKmArMCtgLIAssC0AAAAAAAAAIBAAAAAAAAACgAAAAAAAAAAAAAAAAAAALS}
		  
}

@Article{	  edgar2014,
  author	= {Edgar, Graham J. and Stuart-Smith, Rick D. and Willis,
		  Trevor J. and Kininmonth, Stuart and Baker, Susan C. and
		  Banks, Stuart and Barrett, Neville S. and Becerro, Mikel A.
		  and Bernard, Anthony T. F. and Berkhout, Just and Buxton,
		  Colin D. and Campbell, Stuart J. and Cooper, Antonia T. and
		  Davey, Marlene and Edgar, Sophie C. and Forsterra, Gunter
		  and Galvan, David E. and Irigoyen, Alejo J. and Kushner,
		  David J. and Moura, Rodrigo and Parnell, P. Ed and Shears,
		  Nick T. and Soler, German and Strain, Elisabeth M. A. and
		  Thomson, Russell J.},
  date-added	= {2014-02-07 20:09:16 +0000},
  date-modified	= {2014-02-07 20:09:20 +0000},
  doi		= {10.1038/nature13022},
  journal	= {Nature},
  title		= {Global conservation outcomes depend on marine protected
		  areas with five key features},
  year		= {2014},
  bdsk-file-1	= {YnBsaXN0MDDUAQIDBAUGJCVYJHZlcnNpb25YJG9iamVjdHNZJGFyY2hpdmVyVCR0b3ASAAGGoKgHCBMUFRYaIVUkbnVsbNMJCgsMDxJXTlMua2V5c1pOUy5vYmplY3RzViRjbGFzc6INDoACgAOiEBGABIAFgAdccmVsYXRpdmVQYXRoWWFsaWFzRGF0YV8QFy4uL1BhcGVycy9lZGdhcjIwMTQucGRm0hcLGBlXTlMuZGF0YU8RAZIAAAAAAZIAAgAADE1hY2ludG9zaCBIRAAAAAAAAAAAAAAAAAAAAMsj6+dIKwAAAAVzmQ1lZGdhcjIwMTQucGRmAAAAAAAAAAAAAAAAAAAAAAAAAAAAAAAAAAAAAAAAAAAAAAAAAAAAAAAAAAAAAAAAAAAEcCzxzxp9J1BERiAAAAAAAAEAAgAACSAAAAAAAAAAAAAAAAAAAAAGUGFwZXJzABAACAAAyyRcZwAAABEACAAAzxrtpwAAAAEAEAAFc5kABQ/4AAR2ywAAwB8AAgBATWFjaW50b3NoIEhEOlVzZXJzOgBzZWFuYW5kZXJzb246AERyb3Bib3g6AFBhcGVyczoAZWRnYXIyMDE0LnBkZgAOABwADQBlAGQAZwBhAHIAMgAwADEANAAuAHAAZABmAA8AGgAMAE0AYQBjAGkAbgB0AG8AcwBoACAASABEABIAL1VzZXJzL3NlYW5hbmRlcnNvbi9Ecm9wYm94L1BhcGVycy9lZGdhcjIwMTQucGRmAAATAAEvAAAVAAIAE///AACABtIbHB0eWiRjbGFzc25hbWVYJGNsYXNzZXNdTlNNdXRhYmxlRGF0YaMdHyBWTlNEYXRhWE5TT2JqZWN00hscIiNcTlNEaWN0aW9uYXJ5oiIgXxAPTlNLZXllZEFyY2hpdmVy0SYnVHJvb3SAAQAIABEAGgAjAC0AMgA3AEAARgBNAFUAYABnAGoAbABuAHEAcwB1AHcAhACOAKgArQC1AksCTQJSAl0CZgJ0AngCfwKIAo0CmgKdAq8CsgK3AAAAAAAAAgEAAAAAAAAAKAAAAAAAAAAAAAAAAAAAArk=}
		  
}

@Article{	  farmer2014,
  author	= {Farmer, Robert G. and Leonard, Marty L. and Mills
		  Flemming, Joanna E. and Anderson, Sean C.},
  date-added	= {2014-05-28 17:52:41 +0000},
  date-modified	= {2014-06-28 18:09:29 +0000},
  doi		= {10.1002/ece3.1101},
  journal	= {Ecology and Evolution},
  pages		= {n/a--n/a},
  title		= {Observer aging and long-term avian survey data quality},
  year		= {2014},
  bdsk-file-1	= {YnBsaXN0MDDUAQIDBAUGJCVYJHZlcnNpb25YJG9iamVjdHNZJGFyY2hpdmVyVCR0b3ASAAGGoKgHCBMUFRYaIVUkbnVsbNMJCgsMDxJXTlMua2V5c1pOUy5vYmplY3RzViRjbGFzc6INDoACgAOiEBGABIAFgAdccmVsYXRpdmVQYXRoWWFsaWFzRGF0YV8QGC4uL1BhcGVycy9mYXJtZXIyMDE0LnBkZtIXCxgZV05TLmRhdGFPEQGWAAAAAAGWAAIAAAxNYWNpbnRvc2ggSEQAAAAAAAAAAAAAAAAAAADLI+vnSCsAAAAFc5kOZmFybWVyMjAxNC5wZGYAAAAAAAAAAAAAAAAAAAAAAAAAAAAAAAAAAAAAAAAAAAAAAAAAAAAAAAAAAAAAAAAABNDXzc+rcFQAAAAAAAAAAAABAAIAAAkgAAAAAAAAAAAAAAAAAAAABlBhcGVycwAQAAgAAMskXGcAAAARAAgAAM+r0sQAAAABABAABXOZAAUP+AAEdssAAMAfAAIAQU1hY2ludG9zaCBIRDpVc2VyczoAc2VhbmFuZGVyc29uOgBEcm9wYm94OgBQYXBlcnM6AGZhcm1lcjIwMTQucGRmAAAOAB4ADgBmAGEAcgBtAGUAcgAyADAAMQA0AC4AcABkAGYADwAaAAwATQBhAGMAaQBuAHQAbwBzAGgAIABIAEQAEgAwVXNlcnMvc2VhbmFuZGVyc29uL0Ryb3Bib3gvUGFwZXJzL2Zhcm1lcjIwMTQucGRmABMAAS8AABUAAgAT//8AAIAG0hscHR5aJGNsYXNzbmFtZVgkY2xhc3Nlc11OU011dGFibGVEYXRhox0fIFZOU0RhdGFYTlNPYmplY3TSGxwiI1xOU0RpY3Rpb25hcnmiIiBfEA9OU0tleWVkQXJjaGl2ZXLRJidUcm9vdIABAAgAEQAaACMALQAyADcAQABGAE0AVQBgAGcAagBsAG4AcQBzAHUAdwCEAI4AqQCuALYCUAJSAlcCYgJrAnkCfQKEAo0CkgKfAqICtAK3ArwAAAAAAAACAQAAAAAAAAAoAAAAAAAAAAAAAAAAAAACvg==}
		  
}

@Article{	  fernandez1998,
  author	= {C Fernandez and M F J Steel},
  date-added	= {2014-08-22 08:05:30 +0000},
  date-modified	= {2014-08-22 08:07:42 +0000},
  journal	= jasa,
  keywords	= {black-swans;bayesian},
  number	= {441},
  pages		= {359--371},
  title		= {On Bayesian Modeling of Fat Tails and Skewness},
  volume	= {93},
  year		= {1998},
  bdsk-file-1	= {YnBsaXN0MDDUAQIDBAUGJCVYJHZlcnNpb25YJG9iamVjdHNZJGFyY2hpdmVyVCR0b3ASAAGGoKgHCBMUFRYaIVUkbnVsbNMJCgsMDxJXTlMua2V5c1pOUy5vYmplY3RzViRjbGFzc6INDoACgAOiEBGABIAFgAdccmVsYXRpdmVQYXRoWWFsaWFzRGF0YV8QGy4uL1BhcGVycy9mZXJuYW5kZXoxOTk4LnBkZtIXCxgZV05TLmRhdGFPEQGiAAAAAAGiAAIAAAxNYWNpbnRvc2ggSEQAAAAAAAAAAAAAAAAAAADLI+vnSCsAAAAFc5kRZmVybmFuZGV6MTk5OC5wZGYAAAAAAAAAAAAAAAAAAAAAAAAAAAAAAAAAAAAAAAAAAAAAAAAAAAAAAAAAAAAABTLlUtAqBIAAAAAAAAAAAAABAAIAAAkgAAAAAAAAAAAAAAAAAAAABlBhcGVycwAQAAgAAMskXGcAAAARAAgAANAqZvAAAAABABAABXOZAAUP+AAEdssAAMAfAAIARE1hY2ludG9zaCBIRDpVc2VyczoAc2VhbmFuZGVyc29uOgBEcm9wYm94OgBQYXBlcnM6AGZlcm5hbmRlejE5OTgucGRmAA4AJAARAGYAZQByAG4AYQBuAGQAZQB6ADEAOQA5ADgALgBwAGQAZgAPABoADABNAGEAYwBpAG4AdABvAHMAaAAgAEgARAASADNVc2Vycy9zZWFuYW5kZXJzb24vRHJvcGJveC9QYXBlcnMvZmVybmFuZGV6MTk5OC5wZGYAABMAAS8AABUAAgAT//8AAIAG0hscHR5aJGNsYXNzbmFtZVgkY2xhc3Nlc11OU011dGFibGVEYXRhox0fIFZOU0RhdGFYTlNPYmplY3TSGxwiI1xOU0RpY3Rpb25hcnmiIiBfEA9OU0tleWVkQXJjaGl2ZXLRJidUcm9vdIABAAgAEQAaACMALQAyADcAQABGAE0AVQBgAGcAagBsAG4AcQBzAHUAdwCEAI4ArACxALkCXwJhAmYCcQJ6AogCjAKTApwCoQKuArECwwLGAssAAAAAAAACAQAAAAAAAAAoAAAAAAAAAAAAAAAAAAACzQ==}
		  
}

@Article{	  garcia-carreras2011,
  author	= {Garc{\'\i}a-Carreras, Bernardo and Reuman, Daniel C.},
  date-added	= {2014-09-15 07:52:47 +0000},
  date-modified	= {2014-09-15 07:53:21 +0000},
  doi		= {10.1111/j.1365-2656.2011.01833.x},
  journal	= janimecol,
  keywords	= {spectral-analysis; black-swans; gpdd},
  number	= {5},
  pages		= {1042--1048},
  title		= {An empirical link between the spectral colour of climate
		  and the spectral colour of field populations in the context
		  of climate change},
  volume	= {80},
  year		= {2011},
  bdsk-file-1	= {YnBsaXN0MDDUAQIDBAUGJCVYJHZlcnNpb25YJG9iamVjdHNZJGFyY2hpdmVyVCR0b3ASAAGGoKgHCBMUFRYaIVUkbnVsbNMJCgsMDxJXTlMua2V5c1pOUy5vYmplY3RzViRjbGFzc6INDoACgAOiEBGABIAFgAdccmVsYXRpdmVQYXRoWWFsaWFzRGF0YV8QIS4uL1BhcGVycy9nYXJjaWEtY2FycmVyYXMyMDExLnBkZtIXCxgZV05TLmRhdGFPEQG6AAAAAAG6AAIAAAxNYWNpbnRvc2ggSEQAAAAAAAAAAAAAAAAAAADLI+vnSCsAAAAFc5kXZ2FyY2lhLWNhcnJlcmFzMjAxMS5wZGYAAAAAAAAAAAAAAAAAAAAAAAAAAAAAAAAAAAAAAAAAAAAAAAAAAAAABT/T3NA76L8AAAAAAAAAAAABAAIAAAkgAAAAAAAAAAAAAAAAAAAABlBhcGVycwAQAAgAAMskXGcAAAARAAgAANA8Sy8AAAABABAABXOZAAUP+AAEdssAAMAfAAIASk1hY2ludG9zaCBIRDpVc2VyczoAc2VhbmFuZGVyc29uOgBEcm9wYm94OgBQYXBlcnM6AGdhcmNpYS1jYXJyZXJhczIwMTEucGRmAA4AMAAXAGcAYQByAGMAaQBhAC0AYwBhAHIAcgBlAHIAYQBzADIAMAAxADEALgBwAGQAZgAPABoADABNAGEAYwBpAG4AdABvAHMAaAAgAEgARAASADlVc2Vycy9zZWFuYW5kZXJzb24vRHJvcGJveC9QYXBlcnMvZ2FyY2lhLWNhcnJlcmFzMjAxMS5wZGYAABMAAS8AABUAAgAT//8AAIAG0hscHR5aJGNsYXNzbmFtZVgkY2xhc3Nlc11OU011dGFibGVEYXRhox0fIFZOU0RhdGFYTlNPYmplY3TSGxwiI1xOU0RpY3Rpb25hcnmiIiBfEA9OU0tleWVkQXJjaGl2ZXLRJidUcm9vdIABAAgAEQAaACMALQAyADcAQABGAE0AVQBgAGcAagBsAG4AcQBzAHUAdwCEAI4AsgC3AL8CfQJ/AoQCjwKYAqYCqgKxAroCvwLMAs8C4QLkAukAAAAAAAACAQAAAAAAAAAoAAAAAAAAAAAAAAAAAAAC6w==}
		  
}

@Book{		  gelman2014,
  author	= {Andrew Gelman AND John B Carlin AND H S Stern AND D B
		  Dunson AND Aki Vehtari AND D B Rubin},
  date-added	= {2014-03-26 19:44:43 +0000},
  date-modified	= {2014-03-26 19:46:07 +0000},
  editor	= {Third edition},
  publisher	= {Chapman {\&} Hall},
  title		= {Bayesian Data Analysis},
  year		= {2014}
}

@Article{	  goswami2006,
  author	= {Goswami, B. N. and Venugopal, V. and Sengupta, D. and
		  Madhusoodanan, M. S. and Xavier, Prince K.},
  date-added	= {2014-10-02 19:23:20 +0000},
  date-modified	= {2014-10-02 19:23:32 +0000},
  journal	= {Science},
  number	= {5804},
  pages		= {1442--1445},
  title		= {Increasing Trend of Extreme Rain Events Over {India} in a
		  Warming Environment},
  volume	= {314},
  year		= {2006},
  bdsk-file-1	= {YnBsaXN0MDDUAQIDBAUGJCVYJHZlcnNpb25YJG9iamVjdHNZJGFyY2hpdmVyVCR0b3ASAAGGoKgHCBMUFRYaIVUkbnVsbNMJCgsMDxJXTlMua2V5c1pOUy5vYmplY3RzViRjbGFzc6INDoACgAOiEBGABIAFgAdccmVsYXRpdmVQYXRoWWFsaWFzRGF0YV8QGS4uL1BhcGVycy9nb3N3YW1pMjAwNi5wZGbSFwsYGVdOUy5kYXRhTxEBmgAAAAABmgACAAAMTWFjaW50b3NoIEhEAAAAAAAAAAAAAAAAAAAAyyPr50grAAAABXOZD2dvc3dhbWkyMDA2LnBkZgAAAAAAAAAAAAAAAAAAAAAAAAAAAAAAAAAAAAAAAAAAAAAAAAAAAAAAAAAAAAAAAAVTjZvQUvRgAAAAAAAAAAAAAQACAAAJIAAAAAAAAAAAAAAAAAAAAAZQYXBlcnMAEAAIAADLJFxnAAAAEQAIAADQU1bQAAAAAQAQAAVzmQAFD/gABHbLAADAHwACAEJNYWNpbnRvc2ggSEQ6VXNlcnM6AHNlYW5hbmRlcnNvbjoARHJvcGJveDoAUGFwZXJzOgBnb3N3YW1pMjAwNi5wZGYADgAgAA8AZwBvAHMAdwBhAG0AaQAyADAAMAA2AC4AcABkAGYADwAaAAwATQBhAGMAaQBuAHQAbwBzAGgAIABIAEQAEgAxVXNlcnMvc2VhbmFuZGVyc29uL0Ryb3Bib3gvUGFwZXJzL2dvc3dhbWkyMDA2LnBkZgAAEwABLwAAFQACABP//wAAgAbSGxwdHlokY2xhc3NuYW1lWCRjbGFzc2VzXU5TTXV0YWJsZURhdGGjHR8gVk5TRGF0YVhOU09iamVjdNIbHCIjXE5TRGljdGlvbmFyeaIiIF8QD05TS2V5ZWRBcmNoaXZlctEmJ1Ryb290gAEACAARABoAIwAtADIANwBAAEYATQBVAGAAZwBqAGwAbgBxAHMAdQB3AIQAjgCqAK8AtwJVAlcCXAJnAnACfgKCAokCkgKXAqQCpwK5ArwCwQAAAAAAAAIBAAAAAAAAACgAAAAAAAAAAAAAAAAAAALD}
		  
}

@Manual{	  gpdd2010,
  author	= {{NERC Centre for Population Biology, Imperial College}},
  date-added	= {2014-10-08 16:30:07 +0000},
  date-modified	= {2014-10-08 16:34:47 +0000},
  note		= {http://www3.imperial.ac.uk/cpb/databases/gpdd},
  title		= {{The Global Population Dynamics Database Version 2}},
  year		= {2010}
}

@Article{	  gregory2010,
  author	= {Gregory, Stephen and Bradshaw, Corey and Brook, Barry and
		  Courchamp, Franck},
  date-added	= {2010-01-13 13:11:01 -0400},
  date-modified	= {2014-09-22 03:09:44 +0000},
  doi		= {10.1890/09-1128},
  journal	= {Ecology},
  keywords	= {logistic-growth; gpdd; density-dependence; allee-effect},
  number	= {7},
  pages		= {2151--2161},
  title		= {Limited evidence for the demographic {Allee} effect from
		  numerous species across taxa},
  volume	= {91},
  year		= {2010},
  bdsk-file-1	= {YnBsaXN0MDDUAQIDBAUGJCVYJHZlcnNpb25YJG9iamVjdHNZJGFyY2hpdmVyVCR0b3ASAAGGoKgHCBMUFRYaIVUkbnVsbNMJCgsMDxJXTlMua2V5c1pOUy5vYmplY3RzViRjbGFzc6INDoACgAOiEBGABIAFgAdccmVsYXRpdmVQYXRoWWFsaWFzRGF0YV8QGi4uL1BhcGVycy9ncmVnb3J5MjAxMDAucGRm0hcLGBlXTlMuZGF0YU8RAZ4AAAAAAZ4AAgAADE1hY2ludG9zaCBIRAAAAAAAAAAAAAAAAAAAAMsj6+dIKwAAAAVzmRBncmVnb3J5MjAxMDAucGRmAAAAAAAAAAAAAAAAAAAAAAAAAAAAAAAAAAAAAAAAAAAAAAAAAAAAAAAAAAAAAAAFRz/+0ETgrQAAAAAAAAAAAAEAAgAACSAAAAAAAAAAAAAAAAAAAAAGUGFwZXJzABAACAAAyyRcZwAAABEACAAA0EVDHQAAAAEAEAAFc5kABQ/4AAR2ywAAwB8AAgBDTWFjaW50b3NoIEhEOlVzZXJzOgBzZWFuYW5kZXJzb246AERyb3Bib3g6AFBhcGVyczoAZ3JlZ29yeTIwMTAwLnBkZgAADgAiABAAZwByAGUAZwBvAHIAeQAyADAAMQAwADAALgBwAGQAZgAPABoADABNAGEAYwBpAG4AdABvAHMAaAAgAEgARAASADJVc2Vycy9zZWFuYW5kZXJzb24vRHJvcGJveC9QYXBlcnMvZ3JlZ29yeTIwMTAwLnBkZgATAAEvAAAVAAIAE///AACABtIbHB0eWiRjbGFzc25hbWVYJGNsYXNzZXNdTlNNdXRhYmxlRGF0YaMdHyBWTlNEYXRhWE5TT2JqZWN00hscIiNcTlNEaWN0aW9uYXJ5oiIgXxAPTlNLZXllZEFyY2hpdmVy0SYnVHJvb3SAAQAIABEAGgAjAC0AMgA3AEAARgBNAFUAYABnAGoAbABuAHEAcwB1AHcAhACOAKsAsAC4AloCXAJhAmwCdQKDAocCjgKXApwCqQKsAr4CwQLGAAAAAAAAAgEAAAAAAAAAKAAAAAAAAAAAAAAAAAAAAsg=}
		  
}

@Article{	  halley2002,
  author	= {Halley, John and Inchausti, Pablo},
  date-added	= {2014-04-13 06:00:32 +0000},
  date-modified	= {2014-04-13 06:00:43 +0000},
  doi		= {10.1034/j.1600-0706.2002.11962.x},
  journal	= {Oikos},
  number	= {3},
  pages		= {518--530},
  title		= {Lognormality in ecological time series},
  volume	= {99},
  year		= {2002},
  bdsk-file-1	= {YnBsaXN0MDDUAQIDBAUGJCVYJHZlcnNpb25YJG9iamVjdHNZJGFyY2hpdmVyVCR0b3ASAAGGoKgHCBMUFRYaIVUkbnVsbNMJCgsMDxJXTlMua2V5c1pOUy5vYmplY3RzViRjbGFzc6INDoACgAOiEBGABIAFgAdccmVsYXRpdmVQYXRoWWFsaWFzRGF0YV8QGC4uL1BhcGVycy9oYWxsZXkyMDAyLnBkZtIXCxgZV05TLmRhdGFPEQGWAAAAAAGWAAIAAAxNYWNpbnRvc2ggSEQAAAAAAAAAAAAAAAAAAADLI+vnSCsAAAAFc5kOaGFsbGV5MjAwMi5wZGYAAAAAAAAAAAAAAAAAAAAAAAAAAAAAAAAAAAAAAAAAAAAAAAAAAAAAAAAAAAAAAAAABU+YC89vdf1QREYgAAAAAAABAAIAAAkgAAAAAAAAAAAAAAAAAAAABlBhcGVycwAQAAgAAMskXGcAAAARAAgAAM9v2G0AAAABABAABXOZAAUP+AAEdssAAMAfAAIAQU1hY2ludG9zaCBIRDpVc2VyczoAc2VhbmFuZGVyc29uOgBEcm9wYm94OgBQYXBlcnM6AGhhbGxleTIwMDIucGRmAAAOAB4ADgBoAGEAbABsAGUAeQAyADAAMAAyAC4AcABkAGYADwAaAAwATQBhAGMAaQBuAHQAbwBzAGgAIABIAEQAEgAwVXNlcnMvc2VhbmFuZGVyc29uL0Ryb3Bib3gvUGFwZXJzL2hhbGxleTIwMDIucGRmABMAAS8AABUAAgAT//8AAIAG0hscHR5aJGNsYXNzbmFtZVgkY2xhc3Nlc11OU011dGFibGVEYXRhox0fIFZOU0RhdGFYTlNPYmplY3TSGxwiI1xOU0RpY3Rpb25hcnmiIiBfEA9OU0tleWVkQXJjaGl2ZXLRJidUcm9vdIABAAgAEQAaACMALQAyADcAQABGAE0AVQBgAGcAagBsAG4AcQBzAHUAdwCEAI4AqQCuALYCUAJSAlcCYgJrAnkCfQKEAo0CkgKfAqICtAK3ArwAAAAAAAACAQAAAAAAAAAoAAAAAAAAAAAAAAAAAAACvg==}
		  
}

@Article{	  hautier2014,
  author	= {Hautier, Yann and Seabloom, Eric W. and Borer, Elizabeth
		  T. and Adler, Peter B. and Harpole, W. Stanley and
		  Hillebrand, Helmut and Lind, Eric M. and MacDougall, Andrew
		  S. and Stevens, Carly J. and Bakker, Jonathan D. and
		  Buckley, Yvonne M. and Chu, Chengjin and Collins, Scott L.
		  and Daleo, Pedro and Damschen, Ellen I. and Davies, Kendi
		  F. and Fay, Philip A. and Firn, Jennifer and Gruner, Daniel
		  S. and Jin, Virginia L. and Klein, Julia A. and Knops,
		  Johannes M. H. and La Pierre, Kimberly J. and Li, Wei and
		  McCulley, Rebecca L. and Melbourne, Brett A. and Moore,
		  Joslin L. and O/'Halloran, Lydia R. and Prober, Suzanne M.
		  and Risch, Anita C. and Sankaran, Mahesh and Schuetz,
		  Martin and Hector, Andy},
  date-added	= {2014-05-16 05:38:34 +0000},
  date-modified	= {2014-05-16 05:38:57 +0000},
  doi		= {10.1038/nature13014},
  journal	= {Nature},
  keywords	= {diversity-stability},
  number	= {7497},
  pages		= {521--525},
  title		= {Eutrophication weakens stabilizing effects of diversity in
		  natural grasslands},
  volume	= {508},
  year		= {2014},
  bdsk-file-1	= {YnBsaXN0MDDUAQIDBAUGJCVYJHZlcnNpb25YJG9iamVjdHNZJGFyY2hpdmVyVCR0b3ASAAGGoKgHCBMUFRYaIVUkbnVsbNMJCgsMDxJXTlMua2V5c1pOUy5vYmplY3RzViRjbGFzc6INDoACgAOiEBGABIAFgAdccmVsYXRpdmVQYXRoWWFsaWFzRGF0YV8QGS4uL1BhcGVycy9oYXV0aWVyMjAxNC5wZGbSFwsYGVdOUy5kYXRhTxEBmgAAAAABmgACAAAMTWFjaW50b3NoIEhEAAAAAAAAAAAAAAAAAAAAyyPr50grAAAABXOZD2hhdXRpZXIyMDE0LnBkZgAAAAAAAAAAAAAAAAAAAAAAAAAAAAAAAAAAAAAAAAAAAAAAAAAAAAAAAAAAAAAAAATITy7PmvJQAAAAAAAAAAAAAQACAAAJIAAAAAAAAAAAAAAAAAAAAAZQYXBlcnMAEAAIAADLJFxnAAAAEQAIAADPm1TAAAAAAQAQAAVzmQAFD/gABHbLAADAHwACAEJNYWNpbnRvc2ggSEQ6VXNlcnM6AHNlYW5hbmRlcnNvbjoARHJvcGJveDoAUGFwZXJzOgBoYXV0aWVyMjAxNC5wZGYADgAgAA8AaABhAHUAdABpAGUAcgAyADAAMQA0AC4AcABkAGYADwAaAAwATQBhAGMAaQBuAHQAbwBzAGgAIABIAEQAEgAxVXNlcnMvc2VhbmFuZGVyc29uL0Ryb3Bib3gvUGFwZXJzL2hhdXRpZXIyMDE0LnBkZgAAEwABLwAAFQACABP//wAAgAbSGxwdHlokY2xhc3NuYW1lWCRjbGFzc2VzXU5TTXV0YWJsZURhdGGjHR8gVk5TRGF0YVhOU09iamVjdNIbHCIjXE5TRGljdGlvbmFyeaIiIF8QD05TS2V5ZWRBcmNoaXZlctEmJ1Ryb290gAEACAARABoAIwAtADIANwBAAEYATQBVAGAAZwBqAGwAbgBxAHMAdQB3AIQAjgCqAK8AtwJVAlcCXAJnAnACfgKCAokCkgKXAqQCpwK5ArwCwQAAAAAAAAIBAAAAAAAAACgAAAAAAAAAAAAAAAAAAALD}
		  
}

@Article{	  herrandoprez2014,
  abstract	= {<p>The use of long-term population data to separate the
		  demographic role of climate from density-modified
		  demographic processes has become a major topic of
		  ecological investigation over the last two decades.
		  Although the ecological and evolutionary mechanisms that
		  determine the strength of density feedbacks are now well
		  understood, the degree to which climate gradients shape
		  those processes across taxa and broad spatial scales
		  remains unclear. Intuitively, harsh or highly variable
		  environmental conditions should weaken compensatory density
		  feedbacks because populations are hypothetically unable to
		  achieve or maintain densities at which social and trophic
		  interactions (e.g., competition, parasitism, predation,
		  disease) might systematically reduce population growth.
		  Here we investigate variation in the strength of
		  compensatory density feedback, from long-term time series
		  of abundance over 146 species of birds and mammals, in
		  response to spatial gradients of broad-scale temperature
		  precipitation variables covering 97 localities in 28
		  countries. We use information-theoretic metrics to rank
		  phylogenetic generalized least-squares regression models
		  that control for sample size (time-series length) and
		  phylogenetic non-independence. Climatic factors explained
		  &lt; 1% of the remaining variation in density-feedback
		  strength across species, with the highest non-control,
		  model-averaged effect sizes related to extreme
		  precipitation variables. We could not link our results
		  directly to other published studies, because ecologists use
		  contrasting responses, predictors and statistical
		  approaches to correlate density feedback and climate -- at
		  the expense of comparability in a macroecological context.
		  Censuses of multiple populations within a given species,
		  and <italic>a priori</italic> knowledge of the spatial
		  scales at which density feedbacks interact with climate,
		  seem to be necessary to determine cross-taxa variation in
		  this phenomenon. Despite the availability of robust
		  modelling tools, the appropriate data have not yet been
		  gathered for most species, meaning that we cannot yet make
		  any robust generalisations about how demographic feedbacks
		  interact with climate.</p>},
  author	= {Herrando-P{\'e}rez, , Salvador AND Delean, , Steven AND
		  Brook, , Barry W. AND Cassey, , Phillip AND Bradshaw, ,
		  Corey J. A.},
  date-added	= {2014-09-18 01:26:40 +0000},
  date-modified	= {2014-09-18 01:27:04 +0000},
  doi		= {10.1371/journal.pone.0091536},
  journal	= {PLOS ONE},
  number	= {3},
  pages		= {e91536},
  title		= {Spatial Climate Patterns Explain Negligible Variation in
		  Strength of Compensatory Density Feedbacks in Birds and
		  Mammals},
  volume	= {9},
  year		= {2014},
  bdsk-file-1	= {YnBsaXN0MDDUAQIDBAUGJCVYJHZlcnNpb25YJG9iamVjdHNZJGFyY2hpdmVyVCR0b3ASAAGGoKgHCBMUFRYaIVUkbnVsbNMJCgsMDxJXTlMua2V5c1pOUy5vYmplY3RzViRjbGFzc6INDoACgAOiEBGABIAFgAdccmVsYXRpdmVQYXRoWWFsaWFzRGF0YV8QHi4uL1BhcGVycy9oZXJyYW5kb3ByZXoyMDE0LnBkZtIXCxgZV05TLmRhdGFPEQGuAAAAAAGuAAIAAAxNYWNpbnRvc2ggSEQAAAAAAAAAAAAAAAAAAADLI+vnSCsAAAAFc5kUaGVycmFuZG9wcmV6MjAxNC5wZGYAAAAAAAAAAAAAAAAAAAAAAAAAAAAAAAAAAAAAAAAAAAAAAAAAAAAAAAAABULkHtA/gwYAAAAAAAAAAAABAAIAAAkgAAAAAAAAAAAAAAAAAAAABlBhcGVycwAQAAgAAMskXGcAAAARAAgAANA/5XYAAAABABAABXOZAAUP+AAEdssAAMAfAAIAR01hY2ludG9zaCBIRDpVc2VyczoAc2VhbmFuZGVyc29uOgBEcm9wYm94OgBQYXBlcnM6AGhlcnJhbmRvcHJlejIwMTQucGRmAAAOACoAFABoAGUAcgByAGEAbgBkAG8AcAByAGUAegAyADAAMQA0AC4AcABkAGYADwAaAAwATQBhAGMAaQBuAHQAbwBzAGgAIABIAEQAEgA2VXNlcnMvc2VhbmFuZGVyc29uL0Ryb3Bib3gvUGFwZXJzL2hlcnJhbmRvcHJlejIwMTQucGRmABMAAS8AABUAAgAT//8AAIAG0hscHR5aJGNsYXNzbmFtZVgkY2xhc3Nlc11OU011dGFibGVEYXRhox0fIFZOU0RhdGFYTlNPYmplY3TSGxwiI1xOU0RpY3Rpb25hcnmiIiBfEA9OU0tleWVkQXJjaGl2ZXLRJidUcm9vdIABAAgAEQAaACMALQAyADcAQABGAE0AVQBgAGcAagBsAG4AcQBzAHUAdwCEAI4ArwC0ALwCbgJwAnUCgAKJApcCmwKiAqsCsAK9AsAC0gLVAtoAAAAAAAACAQAAAAAAAAAoAAAAAAAAAAAAAAAAAAAC3A==}
		  
}

@Article{	  hoffman2014,
  author	= {Matthew D. Hoffman and Andrew Gelman},
  date-added	= {2014-10-08 17:16:07 +0000},
  date-modified	= {2014-10-08 17:21:35 +0000},
  journal	= jmachlearnres,
  pages		= {1593--1623},
  title		= {The {No-U-Turn Sampler}: Adaptively Setting Path Lengths
		  in {Hamiltonian Monte Carlo}},
  volume	= {15},
  year		= {2014},
  bdsk-file-1	= {YnBsaXN0MDDUAQIDBAUGJCVYJHZlcnNpb25YJG9iamVjdHNZJGFyY2hpdmVyVCR0b3ASAAGGoKgHCBMUFRYaIVUkbnVsbNMJCgsMDxJXTlMua2V5c1pOUy5vYmplY3RzViRjbGFzc6INDoACgAOiEBGABIAFgAdccmVsYXRpdmVQYXRoWWFsaWFzRGF0YV8QGS4uL1BhcGVycy9ob2ZmbWFuMjAxNC5wZGbSFwsYGVdOUy5kYXRhTxEBmgAAAAABmgACAAAMTWFjaW50b3NoIEhEAAAAAAAAAAAAAAAAAAAAyyPr50grAAAABXOZD2hvZmZtYW4yMDE0LnBkZgAAAAAAAAAAAAAAAAAAAAAAAAAAAAAAAAAAAAAAAAAAAAAAAAAAAAAAAAAAAAAAAAVbT7fQWr7AAAAAAAAAAAAAAQACAAAJIAAAAAAAAAAAAAAAAAAAAAZQYXBlcnMAEAAIAADLJFxnAAAAEQAIAADQWyEwAAAAAQAQAAVzmQAFD/gABHbLAADAHwACAEJNYWNpbnRvc2ggSEQ6VXNlcnM6AHNlYW5hbmRlcnNvbjoARHJvcGJveDoAUGFwZXJzOgBob2ZmbWFuMjAxNC5wZGYADgAgAA8AaABvAGYAZgBtAGEAbgAyADAAMQA0AC4AcABkAGYADwAaAAwATQBhAGMAaQBuAHQAbwBzAGgAIABIAEQAEgAxVXNlcnMvc2VhbmFuZGVyc29uL0Ryb3Bib3gvUGFwZXJzL2hvZmZtYW4yMDE0LnBkZgAAEwABLwAAFQACABP//wAAgAbSGxwdHlokY2xhc3NuYW1lWCRjbGFzc2VzXU5TTXV0YWJsZURhdGGjHR8gVk5TRGF0YVhOU09iamVjdNIbHCIjXE5TRGljdGlvbmFyeaIiIF8QD05TS2V5ZWRBcmNoaXZlctEmJ1Ryb290gAEACAARABoAIwAtADIANwBAAEYATQBVAGAAZwBqAGwAbgBxAHMAdQB3AIQAjgCqAK8AtwJVAlcCXAJnAnACfgKCAokCkgKXAqQCpwK5ArwCwQAAAAAAAAIBAAAAAAAAACgAAAAAAAAAAAAAAAAAAALD}
		  
}

@Article{	  inchausti2001,
  abstract	= {The Global Population Dynamics Database (GPDD) is an
		  important new source of information for ecologists,
		  resource managers, and environmental scientists interested
		  in the dynamics of natural populations. It comprises more
		  than 4500 time series of population abundance for over 1800
		  animal species across many taxonomic groups and
		  geographical locations. The GPDD offers great potential for
		  asking comparative questions about the nature of population
		  variability. We illustrate this by characterizing some
		  critical features of ecological variability, variance
		  growth, and spectral reddening.},
  author	= {Inchausti, Pablo and Halley, John},
  date		= {2001/07/27},
  date-added	= {2011-11-24 17:59:21 +0000},
  date-modified	= {2013-05-28 02:51:28 +0000},
  doi		= {10.1126/science.293.5530.655},
  journal	= {Science},
  journal1	= {Science},
  number	= {5530},
  pages		= {655--657},
  title		= {Investigating Long-Term Ecological Variability Using the
		  Global Population Dynamics Database},
  url		= {http://www.sciencemag.org/content/293/5530/655.abstract},
  volume	= {293},
  year		= {2001},
  bdsk-file-1	= {YnBsaXN0MDDUAQIDBAUGJCVYJHZlcnNpb25YJG9iamVjdHNZJGFyY2hpdmVyVCR0b3ASAAGGoKgHCBMUFRYaIVUkbnVsbNMJCgsMDxJXTlMua2V5c1pOUy5vYmplY3RzViRjbGFzc6INDoACgAOiEBGABIAFgAdccmVsYXRpdmVQYXRoWWFsaWFzRGF0YV8QGy4uL1BhcGVycy9pbmNoYXVzdGkyMDAxLnBkZtIXCxgZV05TLmRhdGFPEQGiAAAAAAGiAAIAAAxNYWNpbnRvc2ggSEQAAAAAAAAAAAAAAAAAAADLI+vnSCsAAAAFc5kRaW5jaGF1c3RpMjAwMS5wZGYAAAAAAAAAAAAAAAAAAAAAAAAAAAAAAAAAAAAAAAAAAAAAAAAAAAAAAAAAAAAAAAV3uMrzxg0AAAAAAAAAAAABAAIAAAkgAAAAAAAAAAAAAAAAAAAABlBhcGVycwAQAAgAAMskXGcAAAARAAgAAMr0No0AAAABABAABXOZAAUP+AAEdssAAMAfAAIARE1hY2ludG9zaCBIRDpVc2VyczoAc2VhbmFuZGVyc29uOgBEcm9wYm94OgBQYXBlcnM6AGluY2hhdXN0aTIwMDEucGRmAA4AJAARAGkAbgBjAGgAYQB1AHMAdABpADIAMAAwADEALgBwAGQAZgAPABoADABNAGEAYwBpAG4AdABvAHMAaAAgAEgARAASADNVc2Vycy9zZWFuYW5kZXJzb24vRHJvcGJveC9QYXBlcnMvaW5jaGF1c3RpMjAwMS5wZGYAABMAAS8AABUAAgAT//8AAIAG0hscHR5aJGNsYXNzbmFtZVgkY2xhc3Nlc11OU011dGFibGVEYXRhox0fIFZOU0RhdGFYTlNPYmplY3TSGxwiI1xOU0RpY3Rpb25hcnmiIiBfEA9OU0tleWVkQXJjaGl2ZXLRJidUcm9vdIABAAgAEQAaACMALQAyADcAQABGAE0AVQBgAGcAagBsAG4AcQBzAHUAdwCEAI4ArACxALkCXwJhAmYCcQJ6AogCjAKTApwCoQKuArECwwLGAssAAAAAAAACAQAAAAAAAAAoAAAAAAAAAAAAAAAAAAACzQ==}
		  ,
  bdsk-url-1	= {http://www.sciencemag.org/content/293/5530/655.abstract},
  bdsk-url-2	= {http://dx.doi.org/10.1126/science.293.5530.655}
}

@Article{	  inchausti2002,
  author	= {P Inchausti and J Halley},
  date-added	= {2014-09-15 07:54:02 +0000},
  date-modified	= {2014-09-15 07:55:00 +0000},
  journal	= evolecolres,
  keywords	= {black-swans; spectral-analysis; gpdd},
  pages		= {1033--1048},
  title		= {The long-term temporal variability and spectral colour of
		  animal populations},
  volume	= {4},
  year		= {2002},
  bdsk-file-1	= {YnBsaXN0MDDUAQIDBAUGJCVYJHZlcnNpb25YJG9iamVjdHNZJGFyY2hpdmVyVCR0b3ASAAGGoKgHCBMUFRYaIVUkbnVsbNMJCgsMDxJXTlMua2V5c1pOUy5vYmplY3RzViRjbGFzc6INDoACgAOiEBGABIAFgAdccmVsYXRpdmVQYXRoWWFsaWFzRGF0YV8QGy4uL1BhcGVycy9pbmNoYXVzdGkyMDAyLnBkZtIXCxgZV05TLmRhdGFPEQGiAAAAAAGiAAIAAAxNYWNpbnRvc2ggSEQAAAAAAAAAAAAAAAAAAADLI+vnSCsAAAAFc5kRaW5jaGF1c3RpMjAwMi5wZGYAAAAAAAAAAAAAAAAAAAAAAAAAAAAAAAAAAAAAAAAAAAAAAAAAAAAAAAAAAAAABT/VGdA76RQAAAAAAAAAAAABAAIAAAkgAAAAAAAAAAAAAAAAAAAABlBhcGVycwAQAAgAAMskXGcAAAARAAgAANA8S4QAAAABABAABXOZAAUP+AAEdssAAMAfAAIARE1hY2ludG9zaCBIRDpVc2VyczoAc2VhbmFuZGVyc29uOgBEcm9wYm94OgBQYXBlcnM6AGluY2hhdXN0aTIwMDIucGRmAA4AJAARAGkAbgBjAGgAYQB1AHMAdABpADIAMAAwADIALgBwAGQAZgAPABoADABNAGEAYwBpAG4AdABvAHMAaAAgAEgARAASADNVc2Vycy9zZWFuYW5kZXJzb24vRHJvcGJveC9QYXBlcnMvaW5jaGF1c3RpMjAwMi5wZGYAABMAAS8AABUAAgAT//8AAIAG0hscHR5aJGNsYXNzbmFtZVgkY2xhc3Nlc11OU011dGFibGVEYXRhox0fIFZOU0RhdGFYTlNPYmplY3TSGxwiI1xOU0RpY3Rpb25hcnmiIiBfEA9OU0tleWVkQXJjaGl2ZXLRJidUcm9vdIABAAgAEQAaACMALQAyADcAQABGAE0AVQBgAGcAagBsAG4AcQBzAHUAdwCEAI4ArACxALkCXwJhAmYCcQJ6AogCjAKTApwCoQKuArECwwLGAssAAAAAAAACAQAAAAAAAAAoAAAAAAAAAAAAAAAAAAACzQ==}
		  
}

@Article{	  jentsch2007,
  annote	= {doi:
		  10.1890/1540-9295(2007)5{$[$}365:ANGOCE{$]$}2.0.CO;2},
  author	= {Jentsch, Anke and Kreyling, J{\"u}rgen and Beierkuhnlein,
		  Carl},
  date-added	= {2014-06-18 20:43:51 +0000},
  date-modified	= {2014-06-18 20:44:44 +0000},
  doi		= {10.1890/1540-9295(2007)5{$[$}365:ANGOCE{$]$}2.0.CO;2},
  journal	= frontecolenviron,
  keywords	= {black-swans; climate-variability; climate-change},
  number	= {7},
  pages		= {365--374},
  title		= {A new generation of climate-change experiments: events,
		  not trends},
  volume	= {5},
  year		= {2007},
  bdsk-file-1	= {YnBsaXN0MDDUAQIDBAUGJCVYJHZlcnNpb25YJG9iamVjdHNZJGFyY2hpdmVyVCR0b3ASAAGGoKgHCBMUFRYaIVUkbnVsbNMJCgsMDxJXTlMua2V5c1pOUy5vYmplY3RzViRjbGFzc6INDoACgAOiEBGABIAFgAdccmVsYXRpdmVQYXRoWWFsaWFzRGF0YV8QGS4uL1BhcGVycy9qZW50c2NoMjAwNy5wZGbSFwsYGVdOUy5kYXRhTxEBmgAAAAABmgACAAAMTWFjaW50b3NoIEhEAAAAAAAAAAAAAAAAAAAAyyPr50grAAAABXOZD2plbnRzY2gyMDA3LnBkZgAAAAAAAAAAAAAAAAAAAAAAAAAAAAAAAAAAAAAAAAAAAAAAAAAAAAAAAAAAAAAAAATfz0XPx0g0AAAAAAAAAAAAAQACAAAJIAAAAAAAAAAAAAAAAAAAAAZQYXBlcnMAEAAIAADLJFxnAAAAEQAIAADPx6qkAAAAAQAQAAVzmQAFD/gABHbLAADAHwACAEJNYWNpbnRvc2ggSEQ6VXNlcnM6AHNlYW5hbmRlcnNvbjoARHJvcGJveDoAUGFwZXJzOgBqZW50c2NoMjAwNy5wZGYADgAgAA8AagBlAG4AdABzAGMAaAAyADAAMAA3AC4AcABkAGYADwAaAAwATQBhAGMAaQBuAHQAbwBzAGgAIABIAEQAEgAxVXNlcnMvc2VhbmFuZGVyc29uL0Ryb3Bib3gvUGFwZXJzL2plbnRzY2gyMDA3LnBkZgAAEwABLwAAFQACABP//wAAgAbSGxwdHlokY2xhc3NuYW1lWCRjbGFzc2VzXU5TTXV0YWJsZURhdGGjHR8gVk5TRGF0YVhOU09iamVjdNIbHCIjXE5TRGljdGlvbmFyeaIiIF8QD05TS2V5ZWRBcmNoaXZlctEmJ1Ryb290gAEACAARABoAIwAtADIANwBAAEYATQBVAGAAZwBqAGwAbgBxAHMAdQB3AIQAjgCqAK8AtwJVAlcCXAJnAnACfgKCAokCkgKXAqQCpwK5ArwCwQAAAAAAAAIBAAAAAAAAACgAAAAAAAAAAAAAAAAAAALD}
		  
}

@Article{	  katz2002,
  author	= {Richard W Katz and Marc B Parlange and Philippe Naveau},
  date-added	= {2014-05-13 04:03:51 +0000},
  date-modified	= {2014-05-13 04:04:07 +0000},
  journal	= advwatresources,
  number	= {8--12},
  pages		= {1287 - 1304},
  title		= {Statistics of extremes in hydrology},
  volume	= {25},
  year		= {2002},
  bdsk-file-1	= {YnBsaXN0MDDUAQIDBAUGJCVYJHZlcnNpb25YJG9iamVjdHNZJGFyY2hpdmVyVCR0b3ASAAGGoKgHCBMUFRYaIVUkbnVsbNMJCgsMDxJXTlMua2V5c1pOUy5vYmplY3RzViRjbGFzc6INDoACgAOiEBGABIAFgAdccmVsYXRpdmVQYXRoWWFsaWFzRGF0YV8QFi4uL1BhcGVycy9rYXR6MjAwMi5wZGbSFwsYGVdOUy5kYXRhTxEBjgAAAAABjgACAAAMTWFjaW50b3NoIEhEAAAAAAAAAAAAAAAAAAAAyyPr50grAAAABXOZDGthdHoyMDAyLnBkZgAAAAAAAAAAAAAAAAAAAAAAAAAAAAAAAAAAAAAAAAAAAAAAAAAAAAAAAAAAAAAAAAAAAAT3KVnPluehUERGIAAAAAAAAQACAAAJIAAAAAAAAAAAAAAAAAAAAAZQYXBlcnMAEAAIAADLJFxnAAAAEQAIAADPl0oRAAAAAQAQAAVzmQAFD/gABHbLAADAHwACAD9NYWNpbnRvc2ggSEQ6VXNlcnM6AHNlYW5hbmRlcnNvbjoARHJvcGJveDoAUGFwZXJzOgBrYXR6MjAwMi5wZGYAAA4AGgAMAGsAYQB0AHoAMgAwADAAMgAuAHAAZABmAA8AGgAMAE0AYQBjAGkAbgB0AG8AcwBoACAASABEABIALlVzZXJzL3NlYW5hbmRlcnNvbi9Ecm9wYm94L1BhcGVycy9rYXR6MjAwMi5wZGYAEwABLwAAFQACABP//wAAgAbSGxwdHlokY2xhc3NuYW1lWCRjbGFzc2VzXU5TTXV0YWJsZURhdGGjHR8gVk5TRGF0YVhOU09iamVjdNIbHCIjXE5TRGljdGlvbmFyeaIiIF8QD05TS2V5ZWRBcmNoaXZlctEmJ1Ryb290gAEACAARABoAIwAtADIANwBAAEYATQBVAGAAZwBqAGwAbgBxAHMAdQB3AIQAjgCnAKwAtAJGAkgCTQJYAmECbwJzAnoCgwKIApUCmAKqAq0CsgAAAAAAAAIBAAAAAAAAACgAAAAAAAAAAAAAAAAAAAK0}
		  
}

@Book{		  katz2002a,
  date-added	= {2014-05-13 04:12:25 +0000},
  date-modified	= {2014-05-13 04:15:46 +0000},
  title		= {Do weather or climate variables and their impacts have
		  heavy-tailed distributions?},
  bdsk-file-1	= {YnBsaXN0MDDUAQIDBAUGJCVYJHZlcnNpb25YJG9iamVjdHNZJGFyY2hpdmVyVCR0b3ASAAGGoKgHCBMUFRYaIVUkbnVsbNMJCgsMDxJXTlMua2V5c1pOUy5vYmplY3RzViRjbGFzc6INDoACgAOiEBGABIAFgAdccmVsYXRpdmVQYXRoWWFsaWFzRGF0YV8QFy4uL1BhcGVycy9rYXR6MjAwMjAucGRm0hcLGBlXTlMuZGF0YU8RAZIAAAAAAZIAAgAADE1hY2ludG9zaCBIRAAAAAAAAAAAAAAAAAAAAMsj6+dIKwAAAAVzmQ1rYXR6MjAwMjAucGRmAAAAAAAAAAAAAAAAAAAAAAAAAAAAAAAAAAAAAAAAAAAAAAAAAAAAAAAAAAAAAAAAAAAExWxxz5bpsgAAAAAAAAAAAAEAAgAACSAAAAAAAAAAAAAAAAAAAAAGUGFwZXJzABAACAAAyyRcZwAAABEACAAAz5dMIgAAAAEAEAAFc5kABQ/4AAR2ywAAwB8AAgBATWFjaW50b3NoIEhEOlVzZXJzOgBzZWFuYW5kZXJzb246AERyb3Bib3g6AFBhcGVyczoAa2F0ejIwMDIwLnBkZgAOABwADQBrAGEAdAB6ADIAMAAwADIAMAAuAHAAZABmAA8AGgAMAE0AYQBjAGkAbgB0AG8AcwBoACAASABEABIAL1VzZXJzL3NlYW5hbmRlcnNvbi9Ecm9wYm94L1BhcGVycy9rYXR6MjAwMjAucGRmAAATAAEvAAAVAAIAE///AACABtIbHB0eWiRjbGFzc25hbWVYJGNsYXNzZXNdTlNNdXRhYmxlRGF0YaMdHyBWTlNEYXRhWE5TT2JqZWN00hscIiNcTlNEaWN0aW9uYXJ5oiIgXxAPTlNLZXllZEFyY2hpdmVy0SYnVHJvb3SAAQAIABEAGgAjAC0AMgA3AEAARgBNAFUAYABnAGoAbABuAHEAcwB1AHcAhACOAKgArQC1AksCTQJSAl0CZgJ0AngCfwKIAo0CmgKdAq8CsgK3AAAAAAAAAgEAAAAAAAAAKAAAAAAAAAAAAAAAAAAAArk=}
		  
}

@Article{	  katz2005,
  annote	= {doi: 10.1890/04-0606},
  author	= {Katz, Richard W. and Brush, Grace S. and Parlange, Marc
		  B.},
  date-added	= {2014-04-14 23:01:22 +0000},
  date-modified	= {2014-04-14 23:01:51 +0000},
  doi		= {10.1890/04-0606},
  journal	= {Ecology},
  number	= {5},
  pages		= {1124--1134},
  title		= {Statistics of extremes: modelling ecological
		  disturbances},
  volume	= {86},
  year		= {2005},
  bdsk-file-1	= {YnBsaXN0MDDUAQIDBAUGJCVYJHZlcnNpb25YJG9iamVjdHNZJGFyY2hpdmVyVCR0b3ASAAGGoKgHCBMUFRYaIVUkbnVsbNMJCgsMDxJXTlMua2V5c1pOUy5vYmplY3RzViRjbGFzc6INDoACgAOiEBGABIAFgAdccmVsYXRpdmVQYXRoWWFsaWFzRGF0YV8QFi4uL1BhcGVycy9rYXR6MjAwNS5wZGbSFwsYGVdOUy5kYXRhTxEBjgAAAAABjgACAAAMTWFjaW50b3NoIEhEAAAAAAAAAAAAAAAAAAAAyyPr50grAAAABXOZDGthdHoyMDA1LnBkZgAAAAAAAAAAAAAAAAAAAAAAAAAAAAAAAAAAAAAAAAAAAAAAAAAAAAAAAAAAAAAAAAAAAASuBy7Pcbb3UERGIAAAAAAAAQACAAAJIAAAAAAAAAAAAAAAAAAAAAZQYXBlcnMAEAAIAADLJFxnAAAAEQAIAADPchlnAAAAAQAQAAVzmQAFD/gABHbLAADAHwACAD9NYWNpbnRvc2ggSEQ6VXNlcnM6AHNlYW5hbmRlcnNvbjoARHJvcGJveDoAUGFwZXJzOgBrYXR6MjAwNS5wZGYAAA4AGgAMAGsAYQB0AHoAMgAwADAANQAuAHAAZABmAA8AGgAMAE0AYQBjAGkAbgB0AG8AcwBoACAASABEABIALlVzZXJzL3NlYW5hbmRlcnNvbi9Ecm9wYm94L1BhcGVycy9rYXR6MjAwNS5wZGYAEwABLwAAFQACABP//wAAgAbSGxwdHlokY2xhc3NuYW1lWCRjbGFzc2VzXU5TTXV0YWJsZURhdGGjHR8gVk5TRGF0YVhOU09iamVjdNIbHCIjXE5TRGljdGlvbmFyeaIiIF8QD05TS2V5ZWRBcmNoaXZlctEmJ1Ryb290gAEACAARABoAIwAtADIANwBAAEYATQBVAGAAZwBqAGwAbgBxAHMAdQB3AIQAjgCnAKwAtAJGAkgCTQJYAmECbwJzAnoCgwKIApUCmAKqAq0CsgAAAAAAAAIBAAAAAAAAACgAAAAAAAAAAAAAAAAAAAK0}
		  
}

@Article{	  keitt1998,
  annote	= {10.1038/30478},
  author	= {Keitt, Timothy H. and Stanley, H. Eugene},
  date-added	= {2014-04-14 17:30:11 +0000},
  date-modified	= {2014-04-14 17:31:13 +0000},
  doi		= {10.1038/30478},
  journal	= {Nature},
  number	= {6682},
  pages		= {257--260},
  title		= {Dynamics of {North American} breeding bird populations},
  volume	= {393},
  year		= {1998},
  bdsk-file-1	= {YnBsaXN0MDDUAQIDBAUGJCVYJHZlcnNpb25YJG9iamVjdHNZJGFyY2hpdmVyVCR0b3ASAAGGoKgHCBMUFRYaIVUkbnVsbNMJCgsMDxJXTlMua2V5c1pOUy5vYmplY3RzViRjbGFzc6INDoACgAOiEBGABIAFgAdccmVsYXRpdmVQYXRoWWFsaWFzRGF0YV8QFy4uL1BhcGVycy9rZWl0dDE5OTgucGRm0hcLGBlXTlMuZGF0YU8RAZIAAAAAAZIAAgAADE1hY2ludG9zaCBIRAAAAAAAAAAAAAAAAAAAAMsj6+dIKwAAAAVzmQ1rZWl0dDE5OTgucGRmAAAAAAAAAAAAAAAAAAAAAAAAAAAAAAAAAAAAAAAAAAAAAAAAAAAAAAAAAAAAAAAAAAAErTPiz3FpYQAAAAAAAAAAAAEAAgAACSAAAAAAAAAAAAAAAAAAAAAGUGFwZXJzABAACAAAyyRcZwAAABEACAAAz3HL0QAAAAEAEAAFc5kABQ/4AAR2ywAAwB8AAgBATWFjaW50b3NoIEhEOlVzZXJzOgBzZWFuYW5kZXJzb246AERyb3Bib3g6AFBhcGVyczoAa2VpdHQxOTk4LnBkZgAOABwADQBrAGUAaQB0AHQAMQA5ADkAOAAuAHAAZABmAA8AGgAMAE0AYQBjAGkAbgB0AG8AcwBoACAASABEABIAL1VzZXJzL3NlYW5hbmRlcnNvbi9Ecm9wYm94L1BhcGVycy9rZWl0dDE5OTgucGRmAAATAAEvAAAVAAIAE///AACABtIbHB0eWiRjbGFzc25hbWVYJGNsYXNzZXNdTlNNdXRhYmxlRGF0YaMdHyBWTlNEYXRhWE5TT2JqZWN00hscIiNcTlNEaWN0aW9uYXJ5oiIgXxAPTlNLZXllZEFyY2hpdmVy0SYnVHJvb3SAAQAIABEAGgAjAC0AMgA3AEAARgBNAFUAYABnAGoAbABuAHEAcwB1AHcAhACOAKgArQC1AksCTQJSAl0CZgJ0AngCfwKIAo0CmgKdAq8CsgK3AAAAAAAAAgEAAAAAAAAAKAAAAAAAAAAAAAAAAAAAArk=}
		  
}

@Article{	  kirby2009,
  abstract	= {Current climate change and overfishing are affecting the
		  productivity and structure of marine ecosystems. This
		  situation is unprecedented for the marine biosphere and it
		  is essential to understand the mechanisms and pathways by
		  which ecosystems respond. We report that climate change and
		  overfishing are likely to be responsible for a rapid
		  restructuring of a highly productive marine ecosystem with
		  effects throughout the pelagos and the benthos. In the
		  mid-1980s, climate change, consequent modifications in the
		  North Sea plankton, and fishing, all reduced North Sea cod
		  recruitment. In this region, production of many benthic
		  species respond positively and immediately to temperature.
		  Analysis of a long-term, spatially extensive biological
		  (plankton and cod) and physical (sea surface temperature)
		  dataset suggests that synchronous changes in cod numbers
		  and sea temperature have established an extensive trophic
		  cascade favoring lower trophic level groups over economic
		  fisheries. A proliferation of jellyfish that we detect may
		  signal the climax of these changes. This modified North Sea
		  ecology may provide a clear indication of the synergistic
		  consequences of coincident climate change and overfishing.
		  The extent of the ecosystem restructuring that has occurred
		  in the North Sea suggests we are unlikely to reverse
		  current climate and human-induced effects through ecosystem
		  resource management in the short term. Rather, we should
		  understand and adapt to new ecological regimes. This
		  implies that fisheries management policies will have to be
		  fully integrated with the ecological consequences of
		  climate change to prevent a similar collapse in an
		  exploited marine ecosystem elsewhere.},
  author	= {Richard R Kirby and Gregory Beaugrand and John A Lindley},
  date-added	= {2009-01-01},
  date-modified	= {2013-05-28 02:51:31 +0000},
  journal	= {Ecosystems},
  keywords	= {climate},
  number	= {4},
  pages		= {548--561},
  title		= {Synergistic Effects of Climate and Fishing in a Marine
		  Ecosystem},
  volume	= {12},
  year		= {2009},
  bdsk-file-1	= {YnBsaXN0MDDUAQIDBAUGJCVYJHZlcnNpb25YJG9iamVjdHNZJGFyY2hpdmVyVCR0b3ASAAGGoKgHCBMUFRYaIVUkbnVsbNMJCgsMDxJXTlMua2V5c1pOUy5vYmplY3RzViRjbGFzc6INDoACgAOiEBGABIAFgAdccmVsYXRpdmVQYXRoWWFsaWFzRGF0YV8QFy4uL1BhcGVycy9raXJieTIwMDkucGRm0hcLGBlXTlMuZGF0YU8RAZIAAAAAAZIAAgAADE1hY2ludG9zaCBIRAAAAAAAAAAAAAAAAAAAAMsj6+dIKwAAAAVzmQ1raXJieTIwMDkucGRmAAAAAAAAAAAAAAAAAAAAAAAAAAAAAAAAAAAAAAAAAAAAAAAAAAAAAAAAAAAAAAAAAAAABXglyM4HaAAAAAAAAAAAAAEAAgAACSAAAAAAAAAAAAAAAAAAAAAGUGFwZXJzABAACAAAyyRcZwAAABEACAAAyM5p2AAAAAEAEAAFc5kABQ/4AAR2ywAAwB8AAgBATWFjaW50b3NoIEhEOlVzZXJzOgBzZWFuYW5kZXJzb246AERyb3Bib3g6AFBhcGVyczoAa2lyYnkyMDA5LnBkZgAOABwADQBrAGkAcgBiAHkAMgAwADAAOQAuAHAAZABmAA8AGgAMAE0AYQBjAGkAbgB0AG8AcwBoACAASABEABIAL1VzZXJzL3NlYW5hbmRlcnNvbi9Ecm9wYm94L1BhcGVycy9raXJieTIwMDkucGRmAAATAAEvAAAVAAIAE///AACABtIbHB0eWiRjbGFzc25hbWVYJGNsYXNzZXNdTlNNdXRhYmxlRGF0YaMdHyBWTlNEYXRhWE5TT2JqZWN00hscIiNcTlNEaWN0aW9uYXJ5oiIgXxAPTlNLZXllZEFyY2hpdmVy0SYnVHJvb3SAAQAIABEAGgAjAC0AMgA3AEAARgBNAFUAYABnAGoAbABuAHEAcwB1AHcAhACOAKgArQC1AksCTQJSAl0CZgJ0AngCfwKIAo0CmgKdAq8CsgK3AAAAAAAAAgEAAAAAAAAAKAAAAAAAAAAAAAAAAAAAArk=}
		  
}

@Article{	  knape2008,
  author	= {Knape, Jonas},
  date-added	= {2014-07-16 06:52:13 +0000},
  date-modified	= {2014-07-16 06:52:44 +0000},
  doi		= {10.1890/08-0071.1},
  journal	= {Ecology},
  number	= {11},
  pages		= {2994--3000},
  title		= {Estimability of density dependence in models of time
		  series data},
  volume	= {89},
  year		= {2008},
  bdsk-file-1	= {YnBsaXN0MDDUAQIDBAUGJCVYJHZlcnNpb25YJG9iamVjdHNZJGFyY2hpdmVyVCR0b3ASAAGGoKgHCBMUFRYaIVUkbnVsbNMJCgsMDxJXTlMua2V5c1pOUy5vYmplY3RzViRjbGFzc6INDoACgAOiEBGABIAFgAdccmVsYXRpdmVQYXRoWWFsaWFzRGF0YV8QFy4uL1BhcGVycy9rbmFwZTIwMDgucGRm0hcLGBlXTlMuZGF0YU8RAZIAAAAAAZIAAgAADE1hY2ludG9zaCBIRAAAAAAAAAAAAAAAAAAAAMsj6+dIKwAAAAVzmQ1rbmFwZTIwMDgucGRmAAAAAAAAAAAAAAAAAAAAAAAAAAAAAAAAAAAAAAAAAAAAAAAAAAAAAAAAAAAAAAAAAAAFDDkzz+tvJAAAAAAAAAAAAAEAAgAACSAAAAAAAAAAAAAAAAAAAAAGUGFwZXJzABAACAAAyyRcZwAAABEACAAAz+vRlAAAAAEAEAAFc5kABQ/4AAR2ywAAwB8AAgBATWFjaW50b3NoIEhEOlVzZXJzOgBzZWFuYW5kZXJzb246AERyb3Bib3g6AFBhcGVyczoAa25hcGUyMDA4LnBkZgAOABwADQBrAG4AYQBwAGUAMgAwADAAOAAuAHAAZABmAA8AGgAMAE0AYQBjAGkAbgB0AG8AcwBoACAASABEABIAL1VzZXJzL3NlYW5hbmRlcnNvbi9Ecm9wYm94L1BhcGVycy9rbmFwZTIwMDgucGRmAAATAAEvAAAVAAIAE///AACABtIbHB0eWiRjbGFzc25hbWVYJGNsYXNzZXNdTlNNdXRhYmxlRGF0YaMdHyBWTlNEYXRhWE5TT2JqZWN00hscIiNcTlNEaWN0aW9uYXJ5oiIgXxAPTlNLZXllZEFyY2hpdmVy0SYnVHJvb3SAAQAIABEAGgAjAC0AMgA3AEAARgBNAFUAYABnAGoAbABuAHEAcwB1AHcAhACOAKgArQC1AksCTQJSAl0CZgJ0AngCfwKIAo0CmgKdAq8CsgK3AAAAAAAAAgEAAAAAAAAAKAAAAAAAAAAAAAAAAAAAArk=}
		  
}

@Article{	  knape2012,
  author	= {Knape, Jonas and de Valpine, Perry},
  date-added	= {2014-05-15 18:48:18 +0000},
  date-modified	= {2014-05-15 18:48:42 +0000},
  doi		= {10.1111/j.1461-0248.2011.01702.x},
  journal	= ecollett,
  number	= {1},
  pages		= {17--23},
  title		= {Are patterns of density dependence in the {Global
		  Population Dynamics Database} driven by uncertainty about
		  population abundance?},
  volume	= {15},
  year		= {2012},
  bdsk-file-1	= {YnBsaXN0MDDUAQIDBAUGJCVYJHZlcnNpb25YJG9iamVjdHNZJGFyY2hpdmVyVCR0b3ASAAGGoKgHCBMUFRYaIVUkbnVsbNMJCgsMDxJXTlMua2V5c1pOUy5vYmplY3RzViRjbGFzc6INDoACgAOiEBGABIAFgAdccmVsYXRpdmVQYXRoWWFsaWFzRGF0YV8QFy4uL1BhcGVycy9rbmFwZTIwMTIucGRm0hcLGBlXTlMuZGF0YU8RAZIAAAAAAZIAAgAADE1hY2ludG9zaCBIRAAAAAAAAAAAAAAAAAAAAMsj6+dIKwAAAAVzmQ1rbmFwZTIwMTIucGRmAAAAAAAAAAAAAAAAAAAAAAAAAAAAAAAAAAAAAAAAAAAAAAAAAAAAAAAAAAAAAAAAAAAEx6ekz5pZ6QAAAAAAAAAAAAEAAgAACSAAAAAAAAAAAAAAAAAAAAAGUGFwZXJzABAACAAAyyRcZwAAABEACAAAz5q8WQAAAAEAEAAFc5kABQ/4AAR2ywAAwB8AAgBATWFjaW50b3NoIEhEOlVzZXJzOgBzZWFuYW5kZXJzb246AERyb3Bib3g6AFBhcGVyczoAa25hcGUyMDEyLnBkZgAOABwADQBrAG4AYQBwAGUAMgAwADEAMgAuAHAAZABmAA8AGgAMAE0AYQBjAGkAbgB0AG8AcwBoACAASABEABIAL1VzZXJzL3NlYW5hbmRlcnNvbi9Ecm9wYm94L1BhcGVycy9rbmFwZTIwMTIucGRmAAATAAEvAAAVAAIAE///AACABtIbHB0eWiRjbGFzc25hbWVYJGNsYXNzZXNdTlNNdXRhYmxlRGF0YaMdHyBWTlNEYXRhWE5TT2JqZWN00hscIiNcTlNEaWN0aW9uYXJ5oiIgXxAPTlNLZXllZEFyY2hpdmVy0SYnVHJvb3SAAQAIABEAGgAjAC0AMgA3AEAARgBNAFUAYABnAGoAbABuAHEAcwB1AHcAhACOAKgArQC1AksCTQJSAl0CZgJ0AngCfwKIAo0CmgKdAq8CsgK3AAAAAAAAAgEAAAAAAAAAKAAAAAAAAAAAAAAAAAAAArk=}
		  
}

@Article{	  knape2013,
  author	= {Knape, Jonas and Besbeas, Panagiotis and de Valpine,
		  Perry},
  date-added	= {2013-09-20 00:06:46 +0000},
  date-modified	= {2013-09-20 00:06:46 +0000},
  doi		= {10.1890/12-0712.1},
  journal	= {Ecology},
  number	= {9},
  pages		= {2097--2107},
  title		= {Using uncertainty estimates in analyses of population time
		  series},
  volume	= {94},
  year		= {2013},
  bdsk-file-1	= {YnBsaXN0MDDUAQIDBAUGJCVYJHZlcnNpb25YJG9iamVjdHNZJGFyY2hpdmVyVCR0b3ASAAGGoKgHCBMUFRYaIVUkbnVsbNMJCgsMDxJXTlMua2V5c1pOUy5vYmplY3RzViRjbGFzc6INDoACgAOiEBGABIAFgAdccmVsYXRpdmVQYXRoWWFsaWFzRGF0YV8QFy4uL1BhcGVycy9rbmFwZTIwMTMucGRm0hcLGBlXTlMuZGF0YU8RAZIAAAAAAZIAAgAADE1hY2ludG9zaCBIRAAAAAAAAAAAAAAAAAAAAMsj6+dIKwAAAAVzmQ1rbmFwZTIwMTMucGRmAAAAAAAAAAAAAAAAAAAAAAAAAAAAAAAAAAAAAAAAAAAAAAAAAAAAAAAAAAAAAAAAAAAEb16wzmDfhlBERiAAAAAAAAEAAgAACSAAAAAAAAAAAAAAAAAAAAAGUGFwZXJzABAACAAAyyRcZwAAABEACAAAzmFB9gAAAAEAEAAFc5kABQ/4AAR2ywAAwB8AAgBATWFjaW50b3NoIEhEOlVzZXJzOgBzZWFuYW5kZXJzb246AERyb3Bib3g6AFBhcGVyczoAa25hcGUyMDEzLnBkZgAOABwADQBrAG4AYQBwAGUAMgAwADEAMwAuAHAAZABmAA8AGgAMAE0AYQBjAGkAbgB0AG8AcwBoACAASABEABIAL1VzZXJzL3NlYW5hbmRlcnNvbi9Ecm9wYm94L1BhcGVycy9rbmFwZTIwMTMucGRmAAATAAEvAAAVAAIAE///AACABtIbHB0eWiRjbGFzc25hbWVYJGNsYXNzZXNdTlNNdXRhYmxlRGF0YaMdHyBWTlNEYXRhWE5TT2JqZWN00hscIiNcTlNEaWN0aW9uYXJ5oiIgXxAPTlNLZXllZEFyY2hpdmVy0SYnVHJvb3SAAQAIABEAGgAjAC0AMgA3AEAARgBNAFUAYABnAGoAbABuAHEAcwB1AHcAhACOAKgArQC1AksCTQJSAl0CZgJ0AngCfwKIAo0CmgKdAq8CsgK3AAAAAAAAAgEAAAAAAAAAKAAAAAAAAAAAAAAAAAAAArk=}
		  
}

@Article{	  lindenmayer2010,
  abstract	= {Ecological ``surprises'' are defined as unexpected
		  findings about the natural environment. They are critically
		  important in ecology because they are catalysts for
		  questioning and reformulating views of the natural world,
		  help shape assessments of the veracity of a priori
		  predictions about ecological trends and phenomena, and
		  underpin questioning of effectiveness of resource
		  management. Despite the importance of ecological surprises,
		  major gaps in understanding remain about how studies might
		  be done differently or done better to improve the ability
		  to identify them. We outline the kinds of ecological
		  surprises that have arisen from long-term research programs
		  that we lead in markedly different ecosystems around the
		  world. Based on these case studies, we identify important
		  lessons to guide both existing studies and new
		  investigations to detect ecological surprises more readily,
		  better anticipate unusual ecological phenomena, and take
		  proactive steps to plan for and alleviate ``undesirable''
		  ecological surprises. Some of these lessons include: (i)
		  maintain existing, and instigate new, long-term studies;
		  (ii) conduct a range of kinds of parallel and concurrent
		  research in a given target area; (iii) better use past
		  literature and conceptual models of the target ecosystem in
		  posing good questions and developing hypotheses and
		  alternative hypotheses; and (iv) increase the capacity for
		  ecological research to take advantage of opportunities
		  arising from major natural disturbances. We argue that the
		  increased anticipatory capability resulting from these
		  lessons is critical given that ecological surprises may
		  become more prevalent because of climate change and
		  multiple and interacting environmental stressors.},
  author	= {D B Lindenmayer and G E Likens and C J Krebs and R J
		  Hobbs},
  date-added	= {2011-03-11 14:52:43 -0800},
  date-modified	= {2013-05-28 02:51:29 +0000},
  doi		= {10.1073/pnas.1015696107},
  journal	= procnatlacadsciusa,
  number	= {51},
  pages		= {21957--21962},
  rating	= {0},
  title		= {Improved probability of detection of ecological
		  ``surprises''},
  uri		= {papers://1942143A-778F-48A4-8CB0-693C041639FD/Paper/p2370}
		  ,
  volume	= {107},
  year		= {2010},
  bdsk-file-1	= {YnBsaXN0MDDUAQIDBAUGJCVYJHZlcnNpb25YJG9iamVjdHNZJGFyY2hpdmVyVCR0b3ASAAGGoKgHCBMUFRYaIVUkbnVsbNMJCgsMDxJXTlMua2V5c1pOUy5vYmplY3RzViRjbGFzc6INDoACgAOiEBGABIAFgAdccmVsYXRpdmVQYXRoWWFsaWFzRGF0YV8QHS4uL1BhcGVycy9saW5kZW5tYXllcjIwMTAucGRm0hcLGBlXTlMuZGF0YU8RAaoAAAAAAaoAAgAADE1hY2ludG9zaCBIRAAAAAAAAAAAAAAAAAAAAMsj6+dIKwAAAAVzmRNsaW5kZW5tYXllcjIwMTAucGRmAAAAAAAAAAAAAAAAAAAAAAAAAAAAAAAAAAAAAAAAAAAAAAAAAAAAAAAAAAAABXiKyZKjAgAAAAAAAAAAAAEAAgAACSAAAAAAAAAAAAAAAAAAAAAGUGFwZXJzABAACAAAyyRcZwAAABEACAAAyZMTggAAAAEAEAAFc5kABQ/4AAR2ywAAwB8AAgBGTWFjaW50b3NoIEhEOlVzZXJzOgBzZWFuYW5kZXJzb246AERyb3Bib3g6AFBhcGVyczoAbGluZGVubWF5ZXIyMDEwLnBkZgAOACgAEwBsAGkAbgBkAGUAbgBtAGEAeQBlAHIAMgAwADEAMAAuAHAAZABmAA8AGgAMAE0AYQBjAGkAbgB0AG8AcwBoACAASABEABIANVVzZXJzL3NlYW5hbmRlcnNvbi9Ecm9wYm94L1BhcGVycy9saW5kZW5tYXllcjIwMTAucGRmAAATAAEvAAAVAAIAE///AACABtIbHB0eWiRjbGFzc25hbWVYJGNsYXNzZXNdTlNNdXRhYmxlRGF0YaMdHyBWTlNEYXRhWE5TT2JqZWN00hscIiNcTlNEaWN0aW9uYXJ5oiIgXxAPTlNLZXllZEFyY2hpdmVy0SYnVHJvb3SAAQAIABEAGgAjAC0AMgA3AEAARgBNAFUAYABnAGoAbABuAHEAcwB1AHcAhACOAK4AswC7AmkCawJwAnsChAKSApYCnQKmAqsCuAK7As0C0ALVAAAAAAAAAgEAAAAAAAAAKAAAAAAAAAAAAAAAAAAAAtc=}
		  ,
  bdsk-url-1	= {http://www.pnas.org/content/early/2010/11/22/1015696107.abstract}
		  ,
  bdsk-url-2	= {http://dx.doi.org/10.1073/pnas.1015696107}
}

@Article{	  nunez2012,
  author	= {M A Nu{\~n}ez AND R Logares},
  date-added	= {2014-04-03 21:54:12 +0000},
  date-modified	= {2014-04-03 21:56:04 +0000},
  journal	= {Ideas in Ecology and Evolution},
  pages		= {16--21},
  title		= {{Black Swans} in ecology and evolution: the importance of
		  improbable but highly influential events},
  volume	= {5},
  year		= {2012},
  bdsk-file-1	= {YnBsaXN0MDDUAQIDBAUGJCVYJHZlcnNpb25YJG9iamVjdHNZJGFyY2hpdmVyVCR0b3ASAAGGoKgHCBMUFRYaIVUkbnVsbNMJCgsMDxJXTlMua2V5c1pOUy5vYmplY3RzViRjbGFzc6INDoACgAOiEBGABIAFgAdccmVsYXRpdmVQYXRoWWFsaWFzRGF0YV8QFy4uL1BhcGVycy9udW5lejIwMTIucGRm0hcLGBlXTlMuZGF0YU8RAZIAAAAAAZIAAgAADE1hY2ludG9zaCBIRAAAAAAAAAAAAAAAAAAAAMsj6+dIKwAAAAVzmQ1udW5lejIwMTIucGRmAAAAAAAAAAAAAAAAAAAAAAAAAAAAAAAAAAAAAAAAAAAAAAAAAAAAAAAAAAAAAAAAAAAEpjvxz2xPcwAAAAAAAAAAAAEAAgAACSAAAAAAAAAAAAAAAAAAAAAGUGFwZXJzABAACAAAyyRcZwAAABEACAAAz2yx4wAAAAEAEAAFc5kABQ/4AAR2ywAAwB8AAgBATWFjaW50b3NoIEhEOlVzZXJzOgBzZWFuYW5kZXJzb246AERyb3Bib3g6AFBhcGVyczoAbnVuZXoyMDEyLnBkZgAOABwADQBuAHUAbgBlAHoAMgAwADEAMgAuAHAAZABmAA8AGgAMAE0AYQBjAGkAbgB0AG8AcwBoACAASABEABIAL1VzZXJzL3NlYW5hbmRlcnNvbi9Ecm9wYm94L1BhcGVycy9udW5lejIwMTIucGRmAAATAAEvAAAVAAIAE///AACABtIbHB0eWiRjbGFzc25hbWVYJGNsYXNzZXNdTlNNdXRhYmxlRGF0YaMdHyBWTlNEYXRhWE5TT2JqZWN00hscIiNcTlNEaWN0aW9uYXJ5oiIgXxAPTlNLZXllZEFyY2hpdmVy0SYnVHJvb3SAAQAIABEAGgAjAC0AMgA3AEAARgBNAFUAYABnAGoAbABuAHEAcwB1AHcAhACOAKgArQC1AksCTQJSAl0CZgJ0AngCfwKIAo0CmgKdAq8CsgK3AAAAAAAAAgEAAAAAAAAAKAAAAAAAAAAAAAAAAAAAArk=}
		  
}

@Article{	  pine-iii2009,
  abstract	= {Observed ecosystem responses to fisheries management
		  experiments have often been either much smaller or in the
		  opposite direction of the expected responses based on
		  experience or population models. Examples of these
		  responses can be found even for some very simple
		  experimental management manipulations such as predator and
		  prey manipulations in small lakes and ponds to fish
		  population responses to harvest closures. Such counter-
		  intuitive prediction failures offer opportunities to
		  identify key processes and variables that are not widely
		  considered in models used to evaluate ecosystem- based
		  fisheries management policies. A common denominator in the
		  case histories presented are unexpected behavioral
		  responses and strong changes in juvenile survival rates of
		  fish driven by changes in competition, predation, and
		  behavioral responses to predation risk. These factors
		  restructured many of the ecosystems in our simple examples,
		  yet are not widely included in models currently used to
		  evaluate ecosystem-based fisheries management policies.
		  This represents a critical need in the development of
		  modeling tools to evaluate ecosystem-based policies based
		  on an iterative process of model building and model
		  testing, using fisheries management actions as probing
		  tools to learn more about the ecosystems being managed.},
  author	= {Pine III, W E AND Martell, S J D AND Walters, C J AND
		  Kitchell, J F},
  date-added	= {2012-04-12 22:24:43 +0000},
  date-modified	= {2013-05-28 02:51:28 +0000},
  journal	= {Fisheries},
  keywords	= {black-swans},
  number	= {4},
  pages		= {165--180},
  title		= {Counterintuitive responses of fish populations to
		  management actions: some common causes and implications for
		  predictions based on ecosystem modeling},
  volume	= {34},
  year		= {2009},
  bdsk-file-1	= {YnBsaXN0MDDUAQIDBAUGJCVYJHZlcnNpb25YJG9iamVjdHNZJGFyY2hpdmVyVCR0b3ASAAGGoKgHCBMUFRYaIVUkbnVsbNMJCgsMDxJXTlMua2V5c1pOUy5vYmplY3RzViRjbGFzc6INDoACgAOiEBGABIAFgAdccmVsYXRpdmVQYXRoWWFsaWFzRGF0YV8QGi4uL1BhcGVycy9waW5lLWlpaTIwMDkucGRm0hcLGBlXTlMuZGF0YU8RAZ4AAAAAAZ4AAgAADE1hY2ludG9zaCBIRAAAAAAAAAAAAAAAAAAAAMsj6+dIKwAAAAVzmRBwaW5lLWlpaTIwMDkucGRmAAAAAAAAAAAAAAAAAAAAAAAAAAAAAAAAAAAAAAAAAAAAAAAAAAAAAAAAAAAAAAAAoC2cy6ykMlBERiAAAAAAAAEAAgAACSAAAAAAAAAAAAAAAAAAAAAGUGFwZXJzABAACAAAyyRcZwAAABEACAAAy60GogAAAAEAEAAFc5kABQ/4AAR2ywAAwB8AAgBDTWFjaW50b3NoIEhEOlVzZXJzOgBzZWFuYW5kZXJzb246AERyb3Bib3g6AFBhcGVyczoAcGluZS1paWkyMDA5LnBkZgAADgAiABAAcABpAG4AZQAtAGkAaQBpADIAMAAwADkALgBwAGQAZgAPABoADABNAGEAYwBpAG4AdABvAHMAaAAgAEgARAASADJVc2Vycy9zZWFuYW5kZXJzb24vRHJvcGJveC9QYXBlcnMvcGluZS1paWkyMDA5LnBkZgATAAEvAAAVAAIAE///AACABtIbHB0eWiRjbGFzc25hbWVYJGNsYXNzZXNdTlNNdXRhYmxlRGF0YaMdHyBWTlNEYXRhWE5TT2JqZWN00hscIiNcTlNEaWN0aW9uYXJ5oiIgXxAPTlNLZXllZEFyY2hpdmVy0SYnVHJvb3SAAQAIABEAGgAjAC0AMgA3AEAARgBNAFUAYABnAGoAbABuAHEAcwB1AHcAhACOAKsAsAC4AloCXAJhAmwCdQKDAocCjgKXApwCqQKsAr4CwQLGAAAAAAAAAgEAAAAAAAAAKAAAAAAAAAAAAAAAAAAAAsg=}
		  
}

@Article{	  potts1980,
  author	= {G R Potts and J C Coulson and I R Deans},
  date-added	= {2014-09-18 22:32:13 +0000},
  date-modified	= {2014-09-18 22:33:48 +0000},
  journal	= janimecol,
  number	= {2},
  pages		= {465--484},
  title		= {Population Dynamics and Breeding Success of the Shag,
		  \textit{Phalacrocorax aristotelis}, on the {Farne Islands},
		  {Northumberland}},
  volume	= {49},
  year		= {1980},
  bdsk-file-1	= {YnBsaXN0MDDUAQIDBAUGJCVYJHZlcnNpb25YJG9iamVjdHNZJGFyY2hpdmVyVCR0b3ASAAGGoKgHCBMUFRYaIVUkbnVsbNMJCgsMDxJXTlMua2V5c1pOUy5vYmplY3RzViRjbGFzc6INDoACgAOiEBGABIAFgAdccmVsYXRpdmVQYXRoWWFsaWFzRGF0YV8QFy4uL1BhcGVycy9wb3R0czE5ODAucGRm0hcLGBlXTlMuZGF0YU8RAZIAAAAAAZIAAgAADE1hY2ludG9zaCBIRAAAAAAAAAAAAAAAAAAAAMsj6+dIKwAAAAVzmQ1wb3R0czE5ODAucGRmAAAAAAAAAAAAAAAAAAAAAAAAAAAAAAAAAAAAAAAAAAAAAAAAAAAAAAAAAAAAAAAAAAAFREUv0ECrZQAAAAAAAAAAAAEAAgAACSAAAAAAAAAAAAAAAAAAAAAGUGFwZXJzABAACAAAyyRcZwAAABEACAAA0EEN1QAAAAEAEAAFc5kABQ/4AAR2ywAAwB8AAgBATWFjaW50b3NoIEhEOlVzZXJzOgBzZWFuYW5kZXJzb246AERyb3Bib3g6AFBhcGVyczoAcG90dHMxOTgwLnBkZgAOABwADQBwAG8AdAB0AHMAMQA5ADgAMAAuAHAAZABmAA8AGgAMAE0AYQBjAGkAbgB0AG8AcwBoACAASABEABIAL1VzZXJzL3NlYW5hbmRlcnNvbi9Ecm9wYm94L1BhcGVycy9wb3R0czE5ODAucGRmAAATAAEvAAAVAAIAE///AACABtIbHB0eWiRjbGFzc25hbWVYJGNsYXNzZXNdTlNNdXRhYmxlRGF0YaMdHyBWTlNEYXRhWE5TT2JqZWN00hscIiNcTlNEaWN0aW9uYXJ5oiIgXxAPTlNLZXllZEFyY2hpdmVy0SYnVHJvb3SAAQAIABEAGgAjAC0AMgA3AEAARgBNAFUAYABnAGoAbABuAHEAcwB1AHcAhACOAKgArQC1AksCTQJSAl0CZgJ0AngCfwKIAo0CmgKdAq8CsgK3AAAAAAAAAgEAAAAAAAAAKAAAAAAAAAAAAAAAAAAAArk=}
		  
}

@Manual{	  r2014,
  address	= {Vienna, Austria},
  author	= {{R Development Core}},
  date-added	= {2014-09-17 20:05:05 +0000},
  date-modified	= {2014-09-17 20:05:44 +0000},
  note		= {URL http://www.R-project.org},
  organization	= {R Foundation for Statistical Computing},
  title		= {R: A Language and Environment for Statistical Computing},
  year		= {2014}
}

@Article{	  saucy1994,
  abstract	= {Long term population fluctuations of the fossorial form of
		  the water vole, Arvicola terrestris, can be reconstructed
		  on the basis of the rewards given to vole trappers
		  ("tail-return statistics"). Nine time series of at least 20
		  yr of continuous data recorded during the 20th century in
		  Switzerland have been analysed using time series analysis
		  and tested for direct and delayed density dependence. Seven
		  of these data sets showed cyclic changes in abundance with
		  statistically significant maxima of the periodogram for
		  periods ranging between 5 and 7 yr. Their partial
		  autocorrelation functions suggested the presence of both
		  direct or delayed density dependence in the data. This was
		  confirmed by regression analysis using the nonlinear
		  approach advocated by Turchin. In contrast, no simple
		  periodicity could be found in the two remaining time
		  series, nor indication for direct or delayed density
		  dependence in their partial autocorrelation functions.
		  However, direct density dependence was also statistically
		  demonstrated in these two data sets. In most cases, the
		  analyses were complicated by the presence of trends in the
		  data. The detection of density-dependent regulatory effects
		  was obscured by linear and nonlinear trends in one and two
		  cases, respectively. The data support the hypothesis that
		  time-delayed and nonlinear mechanisms of population
		  regulation operate in fossorial populations of A.
		  terrestris. Furthermore, the data are consistent with
		  regulatory mechanisms involving predator-prey interactions,
		  while the causation of the unusually long cycle is still an
		  open question. Finally, the presence of trends in these
		  time series suggests that water vole populations track some
		  long-term climatic changes in the environment.},
  author	= {Saucy, Francis},
  cr		= {Copyright \copyright 1994 Nordic Society Oikos},
  date		= {1994/12/01},
  date-added	= {2011-10-14 17:35:49 +0000},
  date-modified	= {2013-05-28 02:51:28 +0000},
  isbn		= {00301299},
  journal	= {Oikos},
  keywords	= {data-sources, time-series-analysis, spectral-analysis},
  m1		= {ArticleType: research-article / Full publication date:
		  Dec., 1994 / Copyright {\copyright}1994 Nordic Society
		  Oikos},
  number	= {3},
  pages		= {381--392},
  publisher	= {Blackwell Publishing on behalf of Nordic Society Oikos},
  title		= {Density Dependence in Time Series of the Fossorial Form of
		  the Water Vole, \textit{Arvicola terrestris}},
  url		= {http://www.jstor.org/stable/3545826},
  volume	= {71},
  year		= {1994},
  bdsk-file-1	= {YnBsaXN0MDDUAQIDBAUGJCVYJHZlcnNpb25YJG9iamVjdHNZJGFyY2hpdmVyVCR0b3ASAAGGoKgHCBMUFRYaIVUkbnVsbNMJCgsMDxJXTlMua2V5c1pOUy5vYmplY3RzViRjbGFzc6INDoACgAOiEBGABIAFgAdccmVsYXRpdmVQYXRoWWFsaWFzRGF0YV8QFy4uL1BhcGVycy9zYXVjeTE5OTQucGRm0hcLGBlXTlMuZGF0YU8RAZIAAAAAAZIAAgAADE1hY2ludG9zaCBIRAAAAAAAAAAAAAAAAAAAAMsj6+dIKwAAAAVzmQ1zYXVjeTE5OTQucGRmAAAAAAAAAAAAAAAAAAAAAAAAAAAAAAAAAAAAAAAAAAAAAAAAAAAAAAAAAAAAAAAAAAAFR8Rpyr3AtFBERiAAAAAAAAEAAgAACSAAAAAAAAAAAAAAAAAAAAAGUGFwZXJzABAACAAAyyRcZwAAABEACAAAyr4jJAAAAAEAEAAFc5kABQ/4AAR2ywAAwB8AAgBATWFjaW50b3NoIEhEOlVzZXJzOgBzZWFuYW5kZXJzb246AERyb3Bib3g6AFBhcGVyczoAc2F1Y3kxOTk0LnBkZgAOABwADQBzAGEAdQBjAHkAMQA5ADkANAAuAHAAZABmAA8AGgAMAE0AYQBjAGkAbgB0AG8AcwBoACAASABEABIAL1VzZXJzL3NlYW5hbmRlcnNvbi9Ecm9wYm94L1BhcGVycy9zYXVjeTE5OTQucGRmAAATAAEvAAAVAAIAE///AACABtIbHB0eWiRjbGFzc25hbWVYJGNsYXNzZXNdTlNNdXRhYmxlRGF0YaMdHyBWTlNEYXRhWE5TT2JqZWN00hscIiNcTlNEaWN0aW9uYXJ5oiIgXxAPTlNLZXllZEFyY2hpdmVy0SYnVHJvb3SAAQAIABEAGgAjAC0AMgA3AEAARgBNAFUAYABnAGoAbABuAHEAcwB1AHcAhACOAKgArQC1AksCTQJSAl0CZgJ0AngCfwKIAo0CmgKdAq8CsgK3AAAAAAAAAgEAAAAAAAAAKAAAAAAAAAAAAAAAAAAAArk=}
		  ,
  bdsk-url-1	= {http://www.jstor.org/stable/3545826}
}

@Article{	  scheffer2003,
  annote	= {doi: 10.1016/j.tree.2003.09.002},
  author	= {Scheffer, Marten and Carpenter, Stephen R.},
  date-added	= {2014-05-12 17:51:58 +0000},
  date-modified	= {2014-05-12 17:52:29 +0000},
  journal	= tree,
  number	= {12},
  pages		= {648--656},
  title		= {Catastrophic regime shifts in ecosystems: linking theory
		  to observation},
  volume	= {18},
  year		= {2003},
  bdsk-file-1	= {YnBsaXN0MDDUAQIDBAUGJCVYJHZlcnNpb25YJG9iamVjdHNZJGFyY2hpdmVyVCR0b3ASAAGGoKgHCBMUFRYaIVUkbnVsbNMJCgsMDxJXTlMua2V5c1pOUy5vYmplY3RzViRjbGFzc6INDoACgAOiEBGABIAFgAdccmVsYXRpdmVQYXRoWWFsaWFzRGF0YV8QGi4uL1BhcGVycy9zY2hlZmZlcjIwMDMucGRm0hcLGBlXTlMuZGF0YU8RAZ4AAAAAAZ4AAgAADE1hY2ludG9zaCBIRAAAAAAAAAAAAAAAAAAAAMsj6+dIKwAAAAVzmRBzY2hlZmZlcjIwMDMucGRmAAAAAAAAAAAAAAAAAAAAAAAAAAAAAAAAAAAAAAAAAAAAAAAAAAAAAAAAAAAAAAAEw/bDz5ZYRAAAAAAAAAAAAAEAAgAACSAAAAAAAAAAAAAAAAAAAAAGUGFwZXJzABAACAAAyyRcZwAAABEACAAAz5a6tAAAAAEAEAAFc5kABQ/4AAR2ywAAwB8AAgBDTWFjaW50b3NoIEhEOlVzZXJzOgBzZWFuYW5kZXJzb246AERyb3Bib3g6AFBhcGVyczoAc2NoZWZmZXIyMDAzLnBkZgAADgAiABAAcwBjAGgAZQBmAGYAZQByADIAMAAwADMALgBwAGQAZgAPABoADABNAGEAYwBpAG4AdABvAHMAaAAgAEgARAASADJVc2Vycy9zZWFuYW5kZXJzb24vRHJvcGJveC9QYXBlcnMvc2NoZWZmZXIyMDAzLnBkZgATAAEvAAAVAAIAE///AACABtIbHB0eWiRjbGFzc25hbWVYJGNsYXNzZXNdTlNNdXRhYmxlRGF0YaMdHyBWTlNEYXRhWE5TT2JqZWN00hscIiNcTlNEaWN0aW9uYXJ5oiIgXxAPTlNLZXllZEFyY2hpdmVy0SYnVHJvb3SAAQAIABEAGgAjAC0AMgA3AEAARgBNAFUAYABnAGoAbABuAHEAcwB1AHcAhACOAKsAsAC4AloCXAJhAmwCdQKDAocCjgKXApwCqQKsAr4CwQLGAAAAAAAAAgEAAAAAAAAAKAAAAAAAAAAAAAAAAAAAAsg=}
		  ,
  bdsk-url-1	= {http://www.cell.com/trends/ecology-evolution/abstract/S0169-5347(03)00278-7}
		  ,
  bdsk-url-2	= {http://dx.doi.org/10.1016/j.tree.2003.09.002}
}

@Article{	  segura2013,
  author	= {Segura, A. M. and Calliari, D. and Fort, H. and Lan, B.
		  L.},
  date-added	= {2014-04-13 06:10:34 +0000},
  date-modified	= {2014-04-13 06:10:45 +0000},
  doi		= {10.1111/j.1600-0706.2013.00493.x},
  journal	= {Oikos},
  number	= {12},
  pages		= {1739--1745},
  title		= {Fat tails in marine microbial population fluctuations},
  volume	= {122},
  year		= {2013},
  bdsk-file-1	= {YnBsaXN0MDDUAQIDBAUGJCVYJHZlcnNpb25YJG9iamVjdHNZJGFyY2hpdmVyVCR0b3ASAAGGoKgHCBMUFRYaIVUkbnVsbNMJCgsMDxJXTlMua2V5c1pOUy5vYmplY3RzViRjbGFzc6INDoACgAOiEBGABIAFgAdccmVsYXRpdmVQYXRoWWFsaWFzRGF0YV8QGC4uL1BhcGVycy9zZWd1cmEyMDEzLnBkZtIXCxgZV05TLmRhdGFPEQGWAAAAAAGWAAIAAAxNYWNpbnRvc2ggSEQAAAAAAAAAAAAAAAAAAADLI+vnSCsAAAAFc5kOc2VndXJhMjAxMy5wZGYAAAAAAAAAAAAAAAAAAAAAAAAAAAAAAAAAAAAAAAAAAAAAAAAAAAAAAAAAAAAAAAAABKpHLc9veFMAAAAAAAAAAAABAAIAAAkgAAAAAAAAAAAAAAAAAAAABlBhcGVycwAQAAgAAMskXGcAAAARAAgAAM9v2sMAAAABABAABXOZAAUP+AAEdssAAMAfAAIAQU1hY2ludG9zaCBIRDpVc2VyczoAc2VhbmFuZGVyc29uOgBEcm9wYm94OgBQYXBlcnM6AHNlZ3VyYTIwMTMucGRmAAAOAB4ADgBzAGUAZwB1AHIAYQAyADAAMQAzAC4AcABkAGYADwAaAAwATQBhAGMAaQBuAHQAbwBzAGgAIABIAEQAEgAwVXNlcnMvc2VhbmFuZGVyc29uL0Ryb3Bib3gvUGFwZXJzL3NlZ3VyYTIwMTMucGRmABMAAS8AABUAAgAT//8AAIAG0hscHR5aJGNsYXNzbmFtZVgkY2xhc3Nlc11OU011dGFibGVEYXRhox0fIFZOU0RhdGFYTlNPYmplY3TSGxwiI1xOU0RpY3Rpb25hcnmiIiBfEA9OU0tleWVkQXJjaGl2ZXLRJidUcm9vdIABAAgAEQAaACMALQAyADcAQABGAE0AVQBgAGcAagBsAG4AcQBzAHUAdwCEAI4AqQCuALYCUAJSAlcCYgJrAnkCfQKEAo0CkgKfAqICtAK3ArwAAAAAAAACAQAAAAAAAAAoAAAAAAAAAAAAAAAAAAACvg==}
		  
}

@Article{	  sibly2005,
  abstract	= {A key unresolved question in population ecology concerns
		  the relationship between a population's size and its growth
		  rate. We estimated this relationship for 1780 time series
		  of mammals, birds, fish, and insects. We found that rates
		  of population growth are high at low population densities
		  but, contrary to previous predictions, decline rapidly with
		  increasing population size and then flatten out, for all
		  four taxa. This produces a strongly concave relationship
		  between a population's growth rate and its size. These
		  findings have fundamental implications for our
		  understanding of animals' lives, suggesting in particular
		  that many animals in these taxa will be found living at
		  densities above the carrying capacity of their
		  environments.},
  author	= {Sibly, Richard M. and Barker, Daniel and Denham, Michael
		  C. and Hone, Jim and Pagel, Mark},
  date-added	= {2014-04-24 00:00:51 +0000},
  date-modified	= {2014-04-24 00:00:59 +0000},
  doi		= {10.1126/science.1110760},
  journal	= {Science},
  number	= {5734},
  pages		= {607-610},
  title		= {On the Regulation of Populations of Mammals, Birds, Fish,
		  and Insects},
  volume	= {309},
  year		= {2005},
  bdsk-file-1	= {YnBsaXN0MDDUAQIDBAUGJCVYJHZlcnNpb25YJG9iamVjdHNZJGFyY2hpdmVyVCR0b3ASAAGGoKgHCBMUFRYaIVUkbnVsbNMJCgsMDxJXTlMua2V5c1pOUy5vYmplY3RzViRjbGFzc6INDoACgAOiEBGABIAFgAdccmVsYXRpdmVQYXRoWWFsaWFzRGF0YV8QFy4uL1BhcGVycy9zaWJseTIwMDUucGRm0hcLGBlXTlMuZGF0YU8RAZIAAAAAAZIAAgAADE1hY2ludG9zaCBIRAAAAAAAAAAAAAAAAAAAAMsj6+dIKwAAAAVzmQ1zaWJseTIwMDUucGRmAAAAAAAAAAAAAAAAAAAAAAAAAAAAAAAAAAAAAAAAAAAAAAAAAAAAAAAAAAAAAAAAAAAEt9Asz32hUAAAAAAAAAAAAAEAAgAACSAAAAAAAAAAAAAAAAAAAAAGUGFwZXJzABAACAAAyyRcZwAAABEACAAAz34DwAAAAAEAEAAFc5kABQ/4AAR2ywAAwB8AAgBATWFjaW50b3NoIEhEOlVzZXJzOgBzZWFuYW5kZXJzb246AERyb3Bib3g6AFBhcGVyczoAc2libHkyMDA1LnBkZgAOABwADQBzAGkAYgBsAHkAMgAwADAANQAuAHAAZABmAA8AGgAMAE0AYQBjAGkAbgB0AG8AcwBoACAASABEABIAL1VzZXJzL3NlYW5hbmRlcnNvbi9Ecm9wYm94L1BhcGVycy9zaWJseTIwMDUucGRmAAATAAEvAAAVAAIAE///AACABtIbHB0eWiRjbGFzc25hbWVYJGNsYXNzZXNdTlNNdXRhYmxlRGF0YaMdHyBWTlNEYXRhWE5TT2JqZWN00hscIiNcTlNEaWN0aW9uYXJ5oiIgXxAPTlNLZXllZEFyY2hpdmVy0SYnVHJvb3SAAQAIABEAGgAjAC0AMgA3AEAARgBNAFUAYABnAGoAbABuAHEAcwB1AHcAhACOAKgArQC1AksCTQJSAl0CZgJ0AngCfwKIAo0CmgKdAq8CsgK3AAAAAAAAAgEAAAAAAAAAKAAAAAAAAAAAAAAAAAAAArk=}
		  
}

@Article{	  smale2013,
  author	= {Smale, Dan A. and Wernberg, Thomas},
  date-added	= {2014-09-11 07:05:59 +0000},
  date-modified	= {2014-09-11 07:06:17 +0000},
  journal	= procrsoclondbiol,
  number	= {1754},
  title		= {Extreme climatic event drives range contraction of a
		  habitat-forming species},
  volume	= {280},
  year		= {2013},
  bdsk-file-1	= {YnBsaXN0MDDUAQIDBAUGJCVYJHZlcnNpb25YJG9iamVjdHNZJGFyY2hpdmVyVCR0b3ASAAGGoKgHCBMUFRYaIVUkbnVsbNMJCgsMDxJXTlMua2V5c1pOUy5vYmplY3RzViRjbGFzc6INDoACgAOiEBGABIAFgAdccmVsYXRpdmVQYXRoWWFsaWFzRGF0YV8QFy4uL1BhcGVycy9zbWFsZTIwMTMucGRm0hcLGBlXTlMuZGF0YU8RAZIAAAAAAZIAAgAADE1hY2ludG9zaCBIRAAAAAAAAAAAAAAAAAAAAMsj6+dIKwAAAAVzmQ1zbWFsZTIwMTMucGRmAAAAAAAAAAAAAAAAAAAAAAAAAAAAAAAAAAAAAAAAAAAAAAAAAAAAAAAAAAAAAAAAAAAFPAYg0DaX0AAAAAAAAAAAAAEAAgAACSAAAAAAAAAAAAAAAAAAAAAGUGFwZXJzABAACAAAyyRcZwAAABEACAAA0Db6QAAAAAEAEAAFc5kABQ/4AAR2ywAAwB8AAgBATWFjaW50b3NoIEhEOlVzZXJzOgBzZWFuYW5kZXJzb246AERyb3Bib3g6AFBhcGVyczoAc21hbGUyMDEzLnBkZgAOABwADQBzAG0AYQBsAGUAMgAwADEAMwAuAHAAZABmAA8AGgAMAE0AYQBjAGkAbgB0AG8AcwBoACAASABEABIAL1VzZXJzL3NlYW5hbmRlcnNvbi9Ecm9wYm94L1BhcGVycy9zbWFsZTIwMTMucGRmAAATAAEvAAAVAAIAE///AACABtIbHB0eWiRjbGFzc25hbWVYJGNsYXNzZXNdTlNNdXRhYmxlRGF0YaMdHyBWTlNEYXRhWE5TT2JqZWN00hscIiNcTlNEaWN0aW9uYXJ5oiIgXxAPTlNLZXllZEFyY2hpdmVy0SYnVHJvb3SAAQAIABEAGgAjAC0AMgA3AEAARgBNAFUAYABnAGoAbABuAHEAcwB1AHcAhACOAKgArQC1AksCTQJSAl0CZgJ0AngCfwKIAo0CmgKdAq8CsgK3AAAAAAAAAgEAAAAAAAAAKAAAAAAAAAAAAAAAAAAAArk=}
		  
}

@Article{	  sornette2009,
  author	= {Didier Sornette},
  date-added	= {2014-04-10 20:42:07 +0000},
  date-modified	= {2014-04-10 20:45:29 +0000},
  journal	= {International Journal of Terraspace Science and
		  Engineering},
  number	= {1},
  pages		= {1--18},
  title		= {Dragon-Kings, Black Swans and the Prediction of Crises},
  volume	= {2},
  year		= {2009},
  bdsk-file-1	= {YnBsaXN0MDDUAQIDBAUGJCVYJHZlcnNpb25YJG9iamVjdHNZJGFyY2hpdmVyVCR0b3ASAAGGoKgHCBMUFRYaIVUkbnVsbNMJCgsMDxJXTlMua2V5c1pOUy5vYmplY3RzViRjbGFzc6INDoACgAOiEBGABIAFgAdccmVsYXRpdmVQYXRoWWFsaWFzRGF0YV8QGi4uL1BhcGVycy9zb3JuZXR0ZTIwMDkucGRm0hcLGBlXTlMuZGF0YU8RAZ4AAAAAAZ4AAgAADE1hY2ludG9zaCBIRAAAAAAAAAAAAAAAAAAAAMsj6+dIKwAAAAVzmRBzb3JuZXR0ZTIwMDkucGRmAAAAAAAAAAAAAAAAAAAAAAAAAAAAAAAAAAAAAAAAAAAAAAAAAAAAAAAAAAAAAAAEpj5Nz2xQIgAAAAAAAAAAAAEAAgAACSAAAAAAAAAAAAAAAAAAAAAGUGFwZXJzABAACAAAyyRcZwAAABEACAAAz2yykgAAAAEAEAAFc5kABQ/4AAR2ywAAwB8AAgBDTWFjaW50b3NoIEhEOlVzZXJzOgBzZWFuYW5kZXJzb246AERyb3Bib3g6AFBhcGVyczoAc29ybmV0dGUyMDA5LnBkZgAADgAiABAAcwBvAHIAbgBlAHQAdABlADIAMAAwADkALgBwAGQAZgAPABoADABNAGEAYwBpAG4AdABvAHMAaAAgAEgARAASADJVc2Vycy9zZWFuYW5kZXJzb24vRHJvcGJveC9QYXBlcnMvc29ybmV0dGUyMDA5LnBkZgATAAEvAAAVAAIAE///AACABtIbHB0eWiRjbGFzc25hbWVYJGNsYXNzZXNdTlNNdXRhYmxlRGF0YaMdHyBWTlNEYXRhWE5TT2JqZWN00hscIiNcTlNEaWN0aW9uYXJ5oiIgXxAPTlNLZXllZEFyY2hpdmVy0SYnVHJvb3SAAQAIABEAGgAjAC0AMgA3AEAARgBNAFUAYABnAGoAbABuAHEAcwB1AHcAhACOAKsAsAC4AloCXAJhAmwCdQKDAocCjgKXApwCqQKsAr4CwQLGAAAAAAAAAgEAAAAAAAAAKAAAAAAAAAAAAAAAAAAAAsg=}
		  
}

@Article{	  stafford1971,
  author	= {J Stafford},
  date-added	= {2014-09-18 22:35:02 +0000},
  date-modified	= {2014-09-18 22:36:01 +0000},
  journal	= {Bird Study},
  number	= {4},
  pages		= {218--221},
  title		= {The Heron Population of {England} and {Wales}},
  volume	= {18},
  year		= {1971},
  bdsk-file-1	= {YnBsaXN0MDDUAQIDBAUGJCVYJHZlcnNpb25YJG9iamVjdHNZJGFyY2hpdmVyVCR0b3ASAAGGoKgHCBMUFRYaIVUkbnVsbNMJCgsMDxJXTlMua2V5c1pOUy5vYmplY3RzViRjbGFzc6INDoACgAOiEBGABIAFgAdccmVsYXRpdmVQYXRoWWFsaWFzRGF0YV8QGi4uL1BhcGVycy9zdGFmZm9yZDE5NzEucGRm0hcLGBlXTlMuZGF0YU8RAZ4AAAAAAZ4AAgAADE1hY2ludG9zaCBIRAAAAAAAAAAAAAAAAAAAAMsj6+dIKwAAAAVzmRBzdGFmZm9yZDE5NzEucGRmAAAAAAAAAAAAAAAAAAAAAAAAAAAAAAAAAAAAAAAAAAAAAAAAAAAAAAAAAAAAAAAFREqH0ECsGgAAAAAAAAAAAAEAAgAACSAAAAAAAAAAAAAAAAAAAAAGUGFwZXJzABAACAAAyyRcZwAAABEACAAA0EEOigAAAAEAEAAFc5kABQ/4AAR2ywAAwB8AAgBDTWFjaW50b3NoIEhEOlVzZXJzOgBzZWFuYW5kZXJzb246AERyb3Bib3g6AFBhcGVyczoAc3RhZmZvcmQxOTcxLnBkZgAADgAiABAAcwB0AGEAZgBmAG8AcgBkADEAOQA3ADEALgBwAGQAZgAPABoADABNAGEAYwBpAG4AdABvAHMAaAAgAEgARAASADJVc2Vycy9zZWFuYW5kZXJzb24vRHJvcGJveC9QYXBlcnMvc3RhZmZvcmQxOTcxLnBkZgATAAEvAAAVAAIAE///AACABtIbHB0eWiRjbGFzc25hbWVYJGNsYXNzZXNdTlNNdXRhYmxlRGF0YaMdHyBWTlNEYXRhWE5TT2JqZWN00hscIiNcTlNEaWN0aW9uYXJ5oiIgXxAPTlNLZXllZEFyY2hpdmVy0SYnVHJvb3SAAQAIABEAGgAjAC0AMgA3AEAARgBNAFUAYABnAGoAbABuAHEAcwB1AHcAhACOAKsAsAC4AloCXAJhAmwCdQKDAocCjgKXApwCqQKsAr4CwQLGAAAAAAAAAgEAAAAAAAAAKAAAAAAAAAAAAAAAAAAAAsg=}
		  
}

@Manual{	  stan-manual2014,
  author	= {{Stan Development Team}},
  date-added	= {2014-09-10 19:01:40 +0000},
  date-modified	= {2014-09-10 19:01:58 +0000},
  title		= {Stan Modeling Language Users Guide and Reference Manual,
		  Version 2.4},
  url		= {http://mc-stan.org/},
  year		= {2014},
  bdsk-url-1	= {http://mc-stan.org/}
}

@Book{		  taleb2007,
  author	= {Taleb, Nassim Nicholas},
  date-added	= {2014-04-10 20:47:02 +0000},
  date-modified	= {2014-04-10 20:48:16 +0000},
  publisher	= {Random House},
  title		= {The Black Swan: The Impact of the Highly Improbable},
  year		= {2007}
}

@Article{	  thompson2013,
  annote	= {* Highlight, page 1 Future climates are likely to include
		  extreme events which have greater impacts on ecological
		  systems than changes in means alone.
		  
		  * Highlight, page 1 The majority of studies have failed to
		  incorporate extreme events.
		  
		  * Highlight, page 1 We pro- pose a new `generation' of
		  climate change experiments using down-scaled climate models
		  which incorpo- rate predicted changes in climatic
		  variability, and describe a process for generating data
		  which can be applied as experimental climate change
		  treatments.
		  
		  * Highlight, page 6 The majority of studies have
		  concentrated on increases in mean temperatures, but there
		  is an increasing awareness that extreme cli- matic events
		  are likely to be the dominant force structuring ecologi-
		  cal communities (Lloret et al. 2012).
		  
		  * Highlight, page 6 This may effectively mimic effects of
		  climate change on mean temperatures, but does not
		  incorporate predicted changes in the frequency, intensity,
		  and dura- tion of extreme events.
		  
		  },
  author	= {Thompson, Ross M. and Beardall, John and Beringer, Jason
		  and Grace, Mike and Sardina, Paula},
  date-added	= {2013-10-28 20:39:58 +0000},
  date-modified	= {2014-02-11 06:06:05 +0000},
  doi		= {10.1111/ele.12095},
  journal	= ecollett,
  keywords	= {thermal-tolerance; black-swans; climate-change;
		  climate-variability; climate-simulation},
  number	= {6},
  pages		= {799--806},
  title		= {Means and extremes: building variability into
		  community-level climate change experiments},
  volume	= {16},
  year		= {2013},
  bdsk-file-1	= {YnBsaXN0MDDUAQIDBAUGJCVYJHZlcnNpb25YJG9iamVjdHNZJGFyY2hpdmVyVCR0b3ASAAGGoKgHCBMUFRYaIVUkbnVsbNMJCgsMDxJXTlMua2V5c1pOUy5vYmplY3RzViRjbGFzc6INDoACgAOiEBGABIAFgAdccmVsYXRpdmVQYXRoWWFsaWFzRGF0YV8QGi4uL1BhcGVycy90aG9tcHNvbjIwMTMucGRm0hcLGBlXTlMuZGF0YU8RAZ4AAAAAAZ4AAgAADE1hY2ludG9zaCBIRAAAAAAAAAAAAAAAAAAAAMsj6+dIKwAAAAVzmRB0aG9tcHNvbjIwMTMucGRmAAAAAAAAAAAAAAAAAAAAAAAAAAAAAAAAAAAAAAAAAAAAAAAAAAAAAAAAAAAAAAAEcAQpzpQZ0lBERiAAAAAAAAEAAgAACSAAAAAAAAAAAAAAAAAAAAAGUGFwZXJzABAACAAAyyRcZwAAABEACAAAzpR8QgAAAAEAEAAFc5kABQ/4AAR2ywAAwB8AAgBDTWFjaW50b3NoIEhEOlVzZXJzOgBzZWFuYW5kZXJzb246AERyb3Bib3g6AFBhcGVyczoAdGhvbXBzb24yMDEzLnBkZgAADgAiABAAdABoAG8AbQBwAHMAbwBuADIAMAAxADMALgBwAGQAZgAPABoADABNAGEAYwBpAG4AdABvAHMAaAAgAEgARAASADJVc2Vycy9zZWFuYW5kZXJzb24vRHJvcGJveC9QYXBlcnMvdGhvbXBzb24yMDEzLnBkZgATAAEvAAAVAAIAE///AACABtIbHB0eWiRjbGFzc25hbWVYJGNsYXNzZXNdTlNNdXRhYmxlRGF0YaMdHyBWTlNEYXRhWE5TT2JqZWN00hscIiNcTlNEaWN0aW9uYXJ5oiIgXxAPTlNLZXllZEFyY2hpdmVy0SYnVHJvb3SAAQAIABEAGgAjAC0AMgA3AEAARgBNAFUAYABnAGoAbABuAHEAcwB1AHcAhACOAKsAsAC4AloCXAJhAmwCdQKDAocCjgKXApwCqQKsAr4CwQLGAAAAAAAAAgEAAAAAAAAAKAAAAAAAAAAAAAAAAAAAAsg=}
		  
}

@Article{	  thorson2014a,
  author	= {Thorson, James T. and Jensen, Olaf P. and Zipkin, Elise
		  F.},
  date-added	= {2014-05-14 18:26:50 +0000},
  date-modified	= {2014-07-08 21:17:01 +0000},
  doi		= {10.1139/cjfas-2013-0645},
  journal	= canjfishaquatsci,
  number	= {7},
  pages		= {973--983},
  title		= {How variable is recruitment for exploited marine fishes? A
		  hierarchical model for testing life history theory},
  volume	= {71},
  year		= {2014},
  bdsk-file-1	= {YnBsaXN0MDDUAQIDBAUGJCVYJHZlcnNpb25YJG9iamVjdHNZJGFyY2hpdmVyVCR0b3ASAAGGoKgHCBMUFRYaIVUkbnVsbNMJCgsMDxJXTlMua2V5c1pOUy5vYmplY3RzViRjbGFzc6INDoACgAOiEBGABIAFgAdccmVsYXRpdmVQYXRoWWFsaWFzRGF0YV8QGi4uL1BhcGVycy90aG9yc29uMjAxNGEucGRm0hcLGBlXTlMuZGF0YU8RAZ4AAAAAAZ4AAgAADE1hY2ludG9zaCBIRAAAAAAAAAAAAAAAAAAAAMsj6+dIKwAAAAVzmRB0aG9yc29uMjAxNGEucGRmAAAAAAAAAAAAAAAAAAAAAAAAAAAAAAAAAAAAAAAAAAAAAAAAAAAAAAAAAAAAAAAExprAz5kDYQAAAAAAAAAAAAEAAgAACSAAAAAAAAAAAAAAAAAAAAAGUGFwZXJzABAACAAAyyRcZwAAABEACAAAz5ll0QAAAAEAEAAFc5kABQ/4AAR2ywAAwB8AAgBDTWFjaW50b3NoIEhEOlVzZXJzOgBzZWFuYW5kZXJzb246AERyb3Bib3g6AFBhcGVyczoAdGhvcnNvbjIwMTRhLnBkZgAADgAiABAAdABoAG8AcgBzAG8AbgAyADAAMQA0AGEALgBwAGQAZgAPABoADABNAGEAYwBpAG4AdABvAHMAaAAgAEgARAASADJVc2Vycy9zZWFuYW5kZXJzb24vRHJvcGJveC9QYXBlcnMvdGhvcnNvbjIwMTRhLnBkZgATAAEvAAAVAAIAE///AACABtIbHB0eWiRjbGFzc25hbWVYJGNsYXNzZXNdTlNNdXRhYmxlRGF0YaMdHyBWTlNEYXRhWE5TT2JqZWN00hscIiNcTlNEaWN0aW9uYXJ5oiIgXxAPTlNLZXllZEFyY2hpdmVy0SYnVHJvb3SAAQAIABEAGgAjAC0AMgA3AEAARgBNAFUAYABnAGoAbABuAHEAcwB1AHcAhACOAKsAsAC4AloCXAJhAmwCdQKDAocCjgKXApwCqQKsAr4CwQLGAAAAAAAAAgEAAAAAAAAAKAAAAAAAAAAAAAAAAAAAAsg=}
		  
}

@Article{	  thorson2014b,
  annote	= {doi: 10.1890/13-0187.1},
  author	= {Thorson, James T. and Ono, Kotaro and Munch, Stephan B.},
  date-added	= {2014-07-15 21:05:11 +0000},
  date-modified	= {2014-07-15 21:05:45 +0000},
  doi		= {10.1890/13-0187.1},
  journal	= {Ecology},
  number	= {2},
  pages		= {329--341},
  title		= {A {Bayesian} approach to identifying and compensating for
		  model misspecification in population models},
  volume	= {95},
  year		= {2014},
  bdsk-file-1	= {YnBsaXN0MDDUAQIDBAUGJCVYJHZlcnNpb25YJG9iamVjdHNZJGFyY2hpdmVyVCR0b3ASAAGGoKgHCBMUFRYaIVUkbnVsbNMJCgsMDxJXTlMua2V5c1pOUy5vYmplY3RzViRjbGFzc6INDoACgAOiEBGABIAFgAdccmVsYXRpdmVQYXRoWWFsaWFzRGF0YV8QGi4uL1BhcGVycy90aG9yc29uMjAxNGIucGRm0hcLGBlXTlMuZGF0YU8RAZ4AAAAAAZ4AAgAADE1hY2ludG9zaCBIRAAAAAAAAAAAAAAAAAAAAMsj6+dIKwAAAAVzmRB0aG9yc29uMjAxNGIucGRmAAAAAAAAAAAAAAAAAAAAAAAAAAAAAAAAAAAAAAAAAAAAAAAAAAAAAAAAAAAAAAAFDCnYz+rlwgAAAAAAAAAAAAEAAgAACSAAAAAAAAAAAAAAAAAAAAAGUGFwZXJzABAACAAAyyRcZwAAABEACAAAz+tIMgAAAAEAEAAFc5kABQ/4AAR2ywAAwB8AAgBDTWFjaW50b3NoIEhEOlVzZXJzOgBzZWFuYW5kZXJzb246AERyb3Bib3g6AFBhcGVyczoAdGhvcnNvbjIwMTRiLnBkZgAADgAiABAAdABoAG8AcgBzAG8AbgAyADAAMQA0AGIALgBwAGQAZgAPABoADABNAGEAYwBpAG4AdABvAHMAaAAgAEgARAASADJVc2Vycy9zZWFuYW5kZXJzb24vRHJvcGJveC9QYXBlcnMvdGhvcnNvbjIwMTRiLnBkZgATAAEvAAAVAAIAE///AACABtIbHB0eWiRjbGFzc25hbWVYJGNsYXNzZXNdTlNNdXRhYmxlRGF0YaMdHyBWTlNEYXRhWE5TT2JqZWN00hscIiNcTlNEaWN0aW9uYXJ5oiIgXxAPTlNLZXllZEFyY2hpdmVy0SYnVHJvb3SAAQAIABEAGgAjAC0AMgA3AEAARgBNAFUAYABnAGoAbABuAHEAcwB1AHcAhACOAKsAsAC4AloCXAJhAmwCdQKDAocCjgKXApwCqQKsAr4CwQLGAAAAAAAAAgEAAAAAAAAAKAAAAAAAAAAAAAAAAAAAAsg=}
		  
}

@Article{	  valpine2002,
  author	= {de Valpine, Perry and Hastings, Alan},
  date-added	= {2014-08-21 00:14:47 +0000},
  date-modified	= {2014-08-21 00:15:29 +0000},
  doi		= {10.1890/0012-9615(2002)072{$[$}0057:FPMIPN{$]$}2.0.CO;2},
  journal	= ecolmono,
  keywords	= {state-space-models},
  number	= {1},
  pages		= {57--76},
  title		= {Fitting population models incorporating process noise and
		  observation error},
  volume	= {72},
  year		= {2002},
  bdsk-file-1	= {YnBsaXN0MDDUAQIDBAUGJCVYJHZlcnNpb25YJG9iamVjdHNZJGFyY2hpdmVyVCR0b3ASAAGGoKgHCBMUFRYaIVUkbnVsbNMJCgsMDxJXTlMua2V5c1pOUy5vYmplY3RzViRjbGFzc6INDoACgAOiEBGABIAFgAdccmVsYXRpdmVQYXRoWWFsaWFzRGF0YV8QGS4uL1BhcGVycy92YWxwaW5lMjAwMi5wZGbSFwsYGVdOUy5kYXRhTxEBmgAAAAABmgACAAAMTWFjaW50b3NoIEhEAAAAAAAAAAAAAAAAAAAAyyPr50grAAAABXOZD3ZhbHBpbmUyMDAyLnBkZgAAAAAAAAAAAAAAAAAAAAAAAAAAAAAAAAAAAAAAAAAAAAAAAAAAAAAAAAAAAAAAAAUo7VTQGoeZAAAAAAAAAAAAAQACAAAJIAAAAAAAAAAAAAAAAAAAAAZQYXBlcnMAEAAIAADLJFxnAAAAEQAIAADQGuoJAAAAAQAQAAVzmQAFD/gABHbLAADAHwACAEJNYWNpbnRvc2ggSEQ6VXNlcnM6AHNlYW5hbmRlcnNvbjoARHJvcGJveDoAUGFwZXJzOgB2YWxwaW5lMjAwMi5wZGYADgAgAA8AdgBhAGwAcABpAG4AZQAyADAAMAAyAC4AcABkAGYADwAaAAwATQBhAGMAaQBuAHQAbwBzAGgAIABIAEQAEgAxVXNlcnMvc2VhbmFuZGVyc29uL0Ryb3Bib3gvUGFwZXJzL3ZhbHBpbmUyMDAyLnBkZgAAEwABLwAAFQACABP//wAAgAbSGxwdHlokY2xhc3NuYW1lWCRjbGFzc2VzXU5TTXV0YWJsZURhdGGjHR8gVk5TRGF0YVhOU09iamVjdNIbHCIjXE5TRGljdGlvbmFyeaIiIF8QD05TS2V5ZWRBcmNoaXZlctEmJ1Ryb290gAEACAARABoAIwAtADIANwBAAEYATQBVAGAAZwBqAGwAbgBxAHMAdQB3AIQAjgCqAK8AtwJVAlcCXAJnAnACfgKCAokCkgKXAqQCpwK5ArwCwQAAAAAAAAIBAAAAAAAAACgAAAAAAAAAAAAAAAAAAALD}
		  
}

@Article{	  vasseur2014,
  abstract	= {Increases in the frequency, severity and duration of
		  temperature extremes are anticipated in the near future.
		  Although recent work suggests that changes in temperature
		  variation will have disproportionately greater effects on
		  species than changes to the mean, much of climate change
		  research in ecology has focused on the impacts of mean
		  temperature change. Here, we couple fine-grained climate
		  projections (2050--2059) to thermal performance data from
		  38 ectothermic invertebrate species and contrast
		  projections with those of a simple model. We show that
		  projections based on mean temperature change alone differ
		  substantially from those incorporating changes to the
		  variation, and to the mean and variation in concert.
		  Although most species show increases in performance at
		  greater mean temperatures, the effect of mean and variance
		  change together yields a range of responses, with temperate
		  species at greatest risk of performance declines. Our work
		  highlights the importance of using fine-grained temporal
		  data to incorporate the full extent of temperature
		  variation when assessing and projecting performance.},
  annote	= {* Highlight, page 2 Our work highlights the importance of
		  using fine-grained temporal data to incorporate the full
		  extent of temperature variation when assessing and
		  projecting performance
		  
		  * Highlight, page 3 In thermally fluctuating environments,
		  the nonlinearity of these curves generates disproportionate
		  effects of cool and warm events on performance (a
		  relationship known as Jensen's inequality), even when the
		  variation is symmetric about the mean [6,22,23].
		  
		  * Highlight, page 4 Our results show that performance tends
		  to decline or remain the same under a future climate
		  scenario, with larger declines occurring at mid-latitudes,
		  and that changes in perform- ance are well-explained by the
		  interactive effects of the changing mean and standard
		  deviation of temperature.
		  
		  * Highlight, page 4 `rise' is given by a Gaussian curve and
		  the `fall' by a parabolic function,
		  
		  * Highlight, page 4 Positive skewness is also projected to
		  increase across nearly all regions [37], making extreme
		  cold events rarer and extreme warm events more frequent.
		  
		  * Highlight, page 7 Our results demonstrate that the risks
		  imposed on performance by climate change are best
		  understood by considering changes in the mean and variance
		  of temperature concurrently.
		  
		  * Highlight, page 7 Because the impact of increasing
		  variance can be either positive or negative, depending on
		  the mean temperature relative to the curvature of the
		  species' TPC, manipulating the mean and var- iance
		  independently will yield contrasting results.
		  
		  * Highlight, page 8 interactive effects of mean and
		  variance of daily temperatures generate a wide range of
		  outcomes for invertebrate ectotherms under global change.
		  This result arises because changing variance of the
		  temporal distribution of temperatures exacerbates the
		  effect of mean change, generating more climate extremes and
		  buffering any performance advantages offered by a warmer
		  mean temperature in temperate environments.},
  author	= {Vasseur, David A. and DeLong, John P. and Gilbert,
		  Benjamin and Greig, Hamish S. and Harley, Christopher D. G.
		  and McCann, Kevin S. and Savage, Van and Tunney, Tyler D.
		  and O'Connor, Mary I.},
  date-added	= {2014-02-10 20:33:18 +0000},
  date-modified	= {2014-02-11 06:06:23 +0000},
  doi		= {10.1098/rspb.2013.2612},
  journal	= prsb,
  keywords	= {thermal-tolerance; climate-variability; climate-change},
  number	= {1779},
  title		= {Increased temperature variation poses a greater risk to
		  species than climate warming},
  volume	= {281},
  year		= {2014},
  bdsk-file-1	= {YnBsaXN0MDDUAQIDBAUGJCVYJHZlcnNpb25YJG9iamVjdHNZJGFyY2hpdmVyVCR0b3ASAAGGoKgHCBMUFRYaIVUkbnVsbNMJCgsMDxJXTlMua2V5c1pOUy5vYmplY3RzViRjbGFzc6INDoACgAOiEBGABIAFgAdccmVsYXRpdmVQYXRoWWFsaWFzRGF0YV8QGS4uL1BhcGVycy92YXNzZXVyMjAxNC5wZGbSFwsYGVdOUy5kYXRhTxEBmgAAAAABmgACAAAMTWFjaW50b3NoIEhEAAAAAAAAAAAAAAAAAAAAyyPr50grAAAABXOZD3Zhc3NldXIyMDE0LnBkZgAAAAAAAAAAAAAAAAAAAAAAAAAAAAAAAAAAAAAAAAAAAAAAAAAAAAAAAAAAAAAAAARwAqrPHnejUERGIAAAAAAAAQACAAAJIAAAAAAAAAAAAAAAAAAAAAZQYXBlcnMAEAAIAADLJFxnAAAAEQAIAADPHugjAAAAAQAQAAVzmQAFD/gABHbLAADAHwACAEJNYWNpbnRvc2ggSEQ6VXNlcnM6AHNlYW5hbmRlcnNvbjoARHJvcGJveDoAUGFwZXJzOgB2YXNzZXVyMjAxNC5wZGYADgAgAA8AdgBhAHMAcwBlAHUAcgAyADAAMQA0AC4AcABkAGYADwAaAAwATQBhAGMAaQBuAHQAbwBzAGgAIABIAEQAEgAxVXNlcnMvc2VhbmFuZGVyc29uL0Ryb3Bib3gvUGFwZXJzL3Zhc3NldXIyMDE0LnBkZgAAEwABLwAAFQACABP//wAAgAbSGxwdHlokY2xhc3NuYW1lWCRjbGFzc2VzXU5TTXV0YWJsZURhdGGjHR8gVk5TRGF0YVhOU09iamVjdNIbHCIjXE5TRGljdGlvbmFyeaIiIF8QD05TS2V5ZWRBcmNoaXZlctEmJ1Ryb290gAEACAARABoAIwAtADIANwBAAEYATQBVAGAAZwBqAGwAbgBxAHMAdQB3AIQAjgCqAK8AtwJVAlcCXAJnAnACfgKCAokCkgKXAqQCpwK5ArwCwQAAAAAAAAIBAAAAAAAAACgAAAAAAAAAAAAAAAAAAALD}
		  
}

@Article{	  vasseur2014a,
  author	= {Vasseur, David A. and Fox, Jeremy W. and Gonzalez, Andrew
		  and Adrian, Rita and Beisner, Beatrix E. and Helmus,
		  Matthew R. and Johnson, Catherine and Kratina, Pavel and
		  Kremer, Colin and de Mazancourt, Claire and Miller,
		  Elizabeth and Nelson, William A. and Paterson, Michael and
		  Rusak, James A. and Shurin, Jonathan B. and Steiner,
		  Christopher F.},
  date-added	= {2014-10-02 01:08:01 +0000},
  date-modified	= {2014-10-02 01:08:37 +0000},
  journal	= procrsoclondbiol,
  keywords	= {synchrony},
  number	= {1788},
  title		= {Synchronous dynamics of zooplankton competitors prevail in
		  temperate lake ecosystems},
  volume	= {281},
  year		= {2014},
  bdsk-file-1	= {YnBsaXN0MDDUAQIDBAUGJCVYJHZlcnNpb25YJG9iamVjdHNZJGFyY2hpdmVyVCR0b3ASAAGGoKgHCBMUFRYaIVUkbnVsbNMJCgsMDxJXTlMua2V5c1pOUy5vYmplY3RzViRjbGFzc6INDoACgAOiEBGABIAFgAdccmVsYXRpdmVQYXRoWWFsaWFzRGF0YV8QGi4uL1BhcGVycy92YXNzZXVyMjAxNGEucGRm0hcLGBlXTlMuZGF0YU8RAZ4AAAAAAZ4AAgAADE1hY2ludG9zaCBIRAAAAAAAAAAAAAAAAAAAAMsj6+dIKwAAAAVzmRB2YXNzZXVyMjAxNGEucGRmAAAAAAAAAAAAAAAAAAAAAAAAAAAAAAAAAAAAAAAAAAAAAAAAAAAAAAAAAAAAAAAFU1pv0FHzXwAAAAAAAAAAAAEAAgAACSAAAAAAAAAAAAAAAAAAAAAGUGFwZXJzABAACAAAyyRcZwAAABEACAAA0FJVzwAAAAEAEAAFc5kABQ/4AAR2ywAAwB8AAgBDTWFjaW50b3NoIEhEOlVzZXJzOgBzZWFuYW5kZXJzb246AERyb3Bib3g6AFBhcGVyczoAdmFzc2V1cjIwMTRhLnBkZgAADgAiABAAdgBhAHMAcwBlAHUAcgAyADAAMQA0AGEALgBwAGQAZgAPABoADABNAGEAYwBpAG4AdABvAHMAaAAgAEgARAASADJVc2Vycy9zZWFuYW5kZXJzb24vRHJvcGJveC9QYXBlcnMvdmFzc2V1cjIwMTRhLnBkZgATAAEvAAAVAAIAE///AACABtIbHB0eWiRjbGFzc25hbWVYJGNsYXNzZXNdTlNNdXRhYmxlRGF0YaMdHyBWTlNEYXRhWE5TT2JqZWN00hscIiNcTlNEaWN0aW9uYXJ5oiIgXxAPTlNLZXllZEFyY2hpdmVy0SYnVHJvb3SAAQAIABEAGgAjAC0AMgA3AEAARgBNAFUAYABnAGoAbABuAHEAcwB1AHcAhACOAKsAsAC4AloCXAJhAmwCdQKDAocCjgKXApwCqQKsAr4CwQLGAAAAAAAAAgEAAAAAAAAAKAAAAAAAAAAAAAAAAAAAAsg=}
		  
}

@Article{	  vert-pre2013,
  author	= {Vert-pre, Katyana A and Amoroso, Ricardo O and Jensen,
		  Olaf P. and Hilborn, Ray},
  date-added	= {2013-07-11 00:37:49 +0000},
  date-modified	= {2013-11-20 21:27:02 +0000},
  doi		= {10.1073/pnas.1214879110},
  journal	= procnatlacadsciusa,
  number	= {5},
  pages		= {1779--1784},
  title		= {Frequency and intensity of productivity regime shifts in
		  marine fish stocks},
  volume	= {110},
  year		= {2013},
  bdsk-file-1	= {YnBsaXN0MDDUAQIDBAUGJCVYJHZlcnNpb25YJG9iamVjdHNZJGFyY2hpdmVyVCR0b3ASAAGGoKgHCBMUFRYaIVUkbnVsbNMJCgsMDxJXTlMua2V5c1pOUy5vYmplY3RzViRjbGFzc6INDoACgAOiEBGABIAFgAdccmVsYXRpdmVQYXRoWWFsaWFzRGF0YV8QGi4uL1BhcGVycy92ZXJ0LXByZTIwMTMucGRm0hcLGBlXTlMuZGF0YU8RAZ4AAAAAAZ4AAgAADE1hY2ludG9zaCBIRAAAAAAAAAAAAAAAAAAAAMsj6+dIKwAAAAVzmRB2ZXJ0LXByZTIwMTMucGRmAAAAAAAAAAAAAAAAAAAAAAAAAAAAAAAAAAAAAAAAAAAAAAAAAAAAAAAAAAAAAAADggT6zSrsMgAAAAAAAAAAAAEAAgAACSAAAAAAAAAAAAAAAAAAAAAGUGFwZXJzABAACAAAyyRcZwAAABEACAAAzStcsgAAAAEAEAAFc5kABQ/4AAR2ywAAwB8AAgBDTWFjaW50b3NoIEhEOlVzZXJzOgBzZWFuYW5kZXJzb246AERyb3Bib3g6AFBhcGVyczoAdmVydC1wcmUyMDEzLnBkZgAADgAiABAAdgBlAHIAdAAtAHAAcgBlADIAMAAxADMALgBwAGQAZgAPABoADABNAGEAYwBpAG4AdABvAHMAaAAgAEgARAASADJVc2Vycy9zZWFuYW5kZXJzb24vRHJvcGJveC9QYXBlcnMvdmVydC1wcmUyMDEzLnBkZgATAAEvAAAVAAIAE///AACABtIbHB0eWiRjbGFzc25hbWVYJGNsYXNzZXNdTlNNdXRhYmxlRGF0YaMdHyBWTlNEYXRhWE5TT2JqZWN00hscIiNcTlNEaWN0aW9uYXJ5oiIgXxAPTlNLZXllZEFyY2hpdmVy0SYnVHJvb3SAAQAIABEAGgAjAC0AMgA3AEAARgBNAFUAYABnAGoAbABuAHEAcwB1AHcAhACOAKsAsAC4AloCXAJhAmwCdQKDAocCjgKXApwCqQKsAr4CwQLGAAAAAAAAAgEAAAAAAAAAKAAAAAAAAAAAAAAAAAAAAsg=}
		  
}

@Article{	  ward2007,
  author	= {Ward, Eric J and Hilborn, Ray and Towell, Rod G and
		  Gerber, Leah},
  date-added	= {2014-08-28 17:53:13 +0000},
  date-modified	= {2014-08-28 17:53:55 +0000},
  doi		= {10.1139/f07-060},
  journal	= cjfas,
  keywords	= {black-swans; catastrophes; state-space-models; bayesian;
		  dic; model-selection},
  number	= {6},
  pages		= {899--910},
  title		= {A state--space mixture approach for estimating
		  catastrophic events in time series data},
  volume	= {64},
  year		= {2007},
  bdsk-file-1	= {YnBsaXN0MDDUAQIDBAUGJCVYJHZlcnNpb25YJG9iamVjdHNZJGFyY2hpdmVyVCR0b3ASAAGGoKgHCBMUFRYaIVUkbnVsbNMJCgsMDxJXTlMua2V5c1pOUy5vYmplY3RzViRjbGFzc6INDoACgAOiEBGABIAFgAdccmVsYXRpdmVQYXRoWWFsaWFzRGF0YV8QFi4uL1BhcGVycy93YXJkMjAwNy5wZGbSFwsYGVdOUy5kYXRhTxEBjgAAAAABjgACAAAMTWFjaW50b3NoIEhEAAAAAAAAAAAAAAAAAAAAyyPr50grAAAABXOZDHdhcmQyMDA3LnBkZgAAAAAAAAAAAAAAAAAAAAAAAAAAAAAAAAAAAAAAAAAAAAAAAAAAAAAAAAAAAAAAAAAAAAUyNgrQJLp7AAAAAAAAAAAAAQACAAAJIAAAAAAAAAAAAAAAAAAAAAZQYXBlcnMAEAAIAADLJFxnAAAAEQAIAADQJRzrAAAAAQAQAAVzmQAFD/gABHbLAADAHwACAD9NYWNpbnRvc2ggSEQ6VXNlcnM6AHNlYW5hbmRlcnNvbjoARHJvcGJveDoAUGFwZXJzOgB3YXJkMjAwNy5wZGYAAA4AGgAMAHcAYQByAGQAMgAwADAANwAuAHAAZABmAA8AGgAMAE0AYQBjAGkAbgB0AG8AcwBoACAASABEABIALlVzZXJzL3NlYW5hbmRlcnNvbi9Ecm9wYm94L1BhcGVycy93YXJkMjAwNy5wZGYAEwABLwAAFQACABP//wAAgAbSGxwdHlokY2xhc3NuYW1lWCRjbGFzc2VzXU5TTXV0YWJsZURhdGGjHR8gVk5TRGF0YVhOU09iamVjdNIbHCIjXE5TRGljdGlvbmFyeaIiIF8QD05TS2V5ZWRBcmNoaXZlctEmJ1Ryb290gAEACAARABoAIwAtADIANwBAAEYATQBVAGAAZwBqAGwAbgBxAHMAdQB3AIQAjgCnAKwAtAJGAkgCTQJYAmECbwJzAnoCgwKIApUCmAKqAq0CsgAAAAAAAAIBAAAAAAAAACgAAAAAAAAAAAAAAAAAAAK0}
		  
}

@Article{	  woodward2007,
  author	= {F I Woodward},
  date-added	= {2009-01-01},
  date-modified	= {2013-05-28 02:51:33 +0000},
  journal	= currbiol,
  number	= {8},
  pages		= {R269--73},
  title		= {Global primary production},
  volume	= {17},
  year		= {2007},
  bdsk-file-1	= {YnBsaXN0MDDUAQIDBAUGJCVYJHZlcnNpb25YJG9iamVjdHNZJGFyY2hpdmVyVCR0b3ASAAGGoKgHCBMUFRYaIVUkbnVsbNMJCgsMDxJXTlMua2V5c1pOUy5vYmplY3RzViRjbGFzc6INDoACgAOiEBGABIAFgAdccmVsYXRpdmVQYXRoWWFsaWFzRGF0YV8QGi4uL1BhcGVycy93b29kd2FyZDIwMDcucGRm0hcLGBlXTlMuZGF0YU8RAZ4AAAAAAZ4AAgAADE1hY2ludG9zaCBIRAAAAAAAAAAAAAAAAAAAAMsj6+dIKwAAAAVzmRB3b29kd2FyZDIwMDcucGRmAAAAAAAAAAAAAAAAAAAAAAAAAAAAAAAAAAAAAAAAAAAAAAAAAAAAAAAAAAAAAAAABXydyM4PGAAAAAAAAAAAAAEAAgAACSAAAAAAAAAAAAAAAAAAAAAGUGFwZXJzABAACAAAyyRcZwAAABEACAAAyM5xiAAAAAEAEAAFc5kABQ/4AAR2ywAAwB8AAgBDTWFjaW50b3NoIEhEOlVzZXJzOgBzZWFuYW5kZXJzb246AERyb3Bib3g6AFBhcGVyczoAd29vZHdhcmQyMDA3LnBkZgAADgAiABAAdwBvAG8AZAB3AGEAcgBkADIAMAAwADcALgBwAGQAZgAPABoADABNAGEAYwBpAG4AdABvAHMAaAAgAEgARAASADJVc2Vycy9zZWFuYW5kZXJzb24vRHJvcGJveC9QYXBlcnMvd29vZHdhcmQyMDA3LnBkZgATAAEvAAAVAAIAE///AACABtIbHB0eWiRjbGFzc25hbWVYJGNsYXNzZXNdTlNNdXRhYmxlRGF0YaMdHyBWTlNEYXRhWE5TT2JqZWN00hscIiNcTlNEaWN0aW9uYXJ5oiIgXxAPTlNLZXllZEFyY2hpdmVy0SYnVHJvb3SAAQAIABEAGgAjAC0AMgA3AEAARgBNAFUAYABnAGoAbABuAHEAcwB1AHcAhACOAKsAsAC4AloCXAJhAmwCdQKDAocCjgKXApwCqQKsAr4CwQLGAAAAAAAAAgEAAAAAAAAAKAAAAAAAAAAAAAAAAAAAAsg=}
		  
}

@Article{	  ziebarth2010,
  author	= {Ziebarth, Nicolas L. and Abbott, Karen C. and Ives,
		  Anthony R.},
  date-added	= {2014-09-26 21:14:23 +0000},
  date-modified	= {2014-09-26 21:14:44 +0000},
  doi		= {10.1111/j.1461-0248.2009.01393.x},
  journal	= ecollett,
  keywords	= {arma; time-series-analysis; population-dynamics},
  number	= {1},
  pages		= {21--31},
  title		= {Weak population regulation in ecological time series},
  volume	= {13},
  year		= {2010},
  bdsk-file-1	= {YnBsaXN0MDDUAQIDBAUGJCVYJHZlcnNpb25YJG9iamVjdHNZJGFyY2hpdmVyVCR0b3ASAAGGoKgHCBMUFRYaIVUkbnVsbNMJCgsMDxJXTlMua2V5c1pOUy5vYmplY3RzViRjbGFzc6INDoACgAOiEBGABIAFgAdccmVsYXRpdmVQYXRoWWFsaWFzRGF0YV8QGi4uL1BhcGVycy96aWViYXJ0aDIwMTAucGRm0hcLGBlXTlMuZGF0YU8RAZ4AAAAAAZ4AAgAADE1hY2ludG9zaCBIRAAAAAAAAAAAAAAAAAAAAMsj6+dIKwAAAAVzmRB6aWViYXJ0aDIwMTAucGRmAAAAAAAAAAAAAAAAAAAAAAAAAAAAAAAAAAAAAAAAAAAAAAAAAAAAAAAAAAAAAAAFT4tz0EslKVBERiAAAAAAAAEAAgAACSAAAAAAAAAAAAAAAAAAAAAGUGFwZXJzABAACAAAyyRcZwAAABEACAAA0EuHmQAAAAEAEAAFc5kABQ/4AAR2ywAAwB8AAgBDTWFjaW50b3NoIEhEOlVzZXJzOgBzZWFuYW5kZXJzb246AERyb3Bib3g6AFBhcGVyczoAemllYmFydGgyMDEwLnBkZgAADgAiABAAegBpAGUAYgBhAHIAdABoADIAMAAxADAALgBwAGQAZgAPABoADABNAGEAYwBpAG4AdABvAHMAaAAgAEgARAASADJVc2Vycy9zZWFuYW5kZXJzb24vRHJvcGJveC9QYXBlcnMvemllYmFydGgyMDEwLnBkZgATAAEvAAAVAAIAE///AACABtIbHB0eWiRjbGFzc25hbWVYJGNsYXNzZXNdTlNNdXRhYmxlRGF0YaMdHyBWTlNEYXRhWE5TT2JqZWN00hscIiNcTlNEaWN0aW9uYXJ5oiIgXxAPTlNLZXllZEFyY2hpdmVy0SYnVHJvb3SAAQAIABEAGgAjAC0AMgA3AEAARgBNAFUAYABnAGoAbABuAHEAcwB1AHcAhACOAKsAsAC4AloCXAJhAmwCdQKDAocCjgKXApwCqQKsAr4CwQLGAAAAAAAAAgEAAAAAAAAAKAAAAAAAAAAAAAAAAAAAAsg=}
		  ,
  bdsk-file-2	= {YnBsaXN0MDDUAQIDBAUGJCVYJHZlcnNpb25YJG9iamVjdHNZJGFyY2hpdmVyVCR0b3ASAAGGoKgHCBMUFRYaIVUkbnVsbNMJCgsMDxJXTlMua2V5c1pOUy5vYmplY3RzViRjbGFzc6INDoACgAOiEBGABIAFgAdccmVsYXRpdmVQYXRoWWFsaWFzRGF0YV8QGy4uL1BhcGVycy96aWViYXJ0aDIwMTAwLnBkZtIXCxgZV05TLmRhdGFPEQGiAAAAAAGiAAIAAAxNYWNpbnRvc2ggSEQAAAAAAAAAAAAAAAAAAADLI+vnSCsAAAAFc5kRemllYmFydGgyMDEwMC5wZGYAAAAAAAAAAAAAAAAAAAAAAAAAAAAAAAAAAAAAAAAAAAAAAAAAAAAAAAAAAAAABU+KbNBLKFxQREYgTVNXRAABAAIAAAkgAAAAAAAAAAAAAAAAAAAABlBhcGVycwAQAAgAAMskXGcAAAARAAgAANBLiswAAAABABAABXOZAAUP+AAEdssAAMAfAAIARE1hY2ludG9zaCBIRDpVc2VyczoAc2VhbmFuZGVyc29uOgBEcm9wYm94OgBQYXBlcnM6AHppZWJhcnRoMjAxMDAucGRmAA4AJAARAHoAaQBlAGIAYQByAHQAaAAyADAAMQAwADAALgBwAGQAZgAPABoADABNAGEAYwBpAG4AdABvAHMAaAAgAEgARAASADNVc2Vycy9zZWFuYW5kZXJzb24vRHJvcGJveC9QYXBlcnMvemllYmFydGgyMDEwMC5wZGYAABMAAS8AABUAAgAT//8AAIAG0hscHR5aJGNsYXNzbmFtZVgkY2xhc3Nlc11OU011dGFibGVEYXRhox0fIFZOU0RhdGFYTlNPYmplY3TSGxwiI1xOU0RpY3Rpb25hcnmiIiBfEA9OU0tleWVkQXJjaGl2ZXLRJidUcm9vdIABAAgAEQAaACMALQAyADcAQABGAE0AVQBgAGcAagBsAG4AcQBzAHUAdwCEAI4ArACxALkCXwJhAmYCcQJ6AogCjAKTApwCoQKuArECwwLGAssAAAAAAAACAQAAAAAAAAAoAAAAAAAAAAAAAAAAAAACzQ==}
		  
}
