
@Misc{		  gelman2013a,
  author	= {Andrew Gelman},
  date-added	= {2014-11-23 23:55:02 +0000},
  date-modified	= {2014-11-24 00:01:29 +0000},
  lastchecked	= {November 2014},
  title		= {How to model distributions that have outliers in one
		  direction. {URL}
		  \url{http://andrewgelman.com/2013/12/09/model-distributions-outliers-one-direction/}}
		  ,
  urldate	= {December 9 2013},
  year		= {2013}
}

@Article{	  gerber2001,
  author	= {Gerber, Leah R. and Hilborn, Ray},
  date-added	= {2014-11-08 21:55:48 +0000},
  date-modified	= {2014-11-08 21:56:32 +0000},
  doi		= {10.1046/j.1365-2907.2001.00081.x},
  journal	= {Mammal. Rev.},
  keywords	= {black-swans; catastrophes},
  number	= {2},
  pages		= {131--150},
  title		= {Catastrophic events and recovery from low densities in
		  populations of otariids: implications for risk of
		  extinction},
  volume	= {31},
  year		= {2001},
  bdsk-file-1	= {YnBsaXN0MDDUAQIDBAUGJCVYJHZlcnNpb25YJG9iamVjdHNZJGFyY2hpdmVyVCR0b3ASAAGGoKgHCBMUFRYaIVUkbnVsbNMJCgsMDxJXTlMua2V5c1pOUy5vYmplY3RzViRjbGFzc6INDoACgAOiEBGABIAFgAdccmVsYXRpdmVQYXRoWWFsaWFzRGF0YV8QGC4uL1BhcGVycy9nZXJiZXIyMDAxLnBkZtIXCxgZV05TLmRhdGFPEQGWAAAAAAGWAAIAAAxNYWNpbnRvc2ggSEQAAAAAAAAAAAAAAAAAAADLI+vnSCsAAAAFc5kOZ2VyYmVyMjAwMS5wZGYAAAAAAAAAAAAAAAAAAAAAAAAAAAAAAAAAAAAAAAAAAAAAAAAAAAAAAAAAAAAAAAAABZzKlNCD0SMAAAAAAAAAAAABAAIAAAkgAAAAAAAAAAAAAAAAAAAABlBhcGVycwAQAAgAAMskXGcAAAARAAgAANCEQaMAAAABABAABXOZAAUP+AAEdssAAMAfAAIAQU1hY2ludG9zaCBIRDpVc2VyczoAc2VhbmFuZGVyc29uOgBEcm9wYm94OgBQYXBlcnM6AGdlcmJlcjIwMDEucGRmAAAOAB4ADgBnAGUAcgBiAGUAcgAyADAAMAAxAC4AcABkAGYADwAaAAwATQBhAGMAaQBuAHQAbwBzAGgAIABIAEQAEgAwVXNlcnMvc2VhbmFuZGVyc29uL0Ryb3Bib3gvUGFwZXJzL2dlcmJlcjIwMDEucGRmABMAAS8AABUAAgAT//8AAIAG0hscHR5aJGNsYXNzbmFtZVgkY2xhc3Nlc11OU011dGFibGVEYXRhox0fIFZOU0RhdGFYTlNPYmplY3TSGxwiI1xOU0RpY3Rpb25hcnmiIiBfEA9OU0tleWVkQXJjaGl2ZXLRJidUcm9vdIABAAgAEQAaACMALQAyADcAQABGAE0AVQBgAGcAagBsAG4AcQBzAHUAdwCEAI4AqQCuALYCUAJSAlcCYgJrAnkCfQKEAo0CkgKfAqICtAK3ArwAAAAAAAACAQAAAAAAAAAoAAAAAAAAAAAAAAAAAAACvg==}
		  
}

@Article{	  ferrari2004,
  author	= {Ferrari, Silvia and Cribari-Neto, Francisco},
  date-added	= {2014-11-08 20:51:01 +0000},
  date-modified	= {2014-11-08 20:52:35 +0000},
  doi		= {10.1080/0266476042000214501},
  journal	= {J. Appl. Stat.},
  number	= {7},
  pages		= {799--815},
  title		= {Beta Regression for Modelling Rates and Proportions},
  volume	= {31},
  year		= {2004},
  bdsk-file-1	= {YnBsaXN0MDDUAQIDBAUGJCVYJHZlcnNpb25YJG9iamVjdHNZJGFyY2hpdmVyVCR0b3ASAAGGoKgHCBMUFRYaIVUkbnVsbNMJCgsMDxJXTlMua2V5c1pOUy5vYmplY3RzViRjbGFzc6INDoACgAOiEBGABIAFgAdccmVsYXRpdmVQYXRoWWFsaWFzRGF0YV8QGS4uL1BhcGVycy9mZXJyYXJpMjAwNC5wZGbSFwsYGVdOUy5kYXRhTxEBmgAAAAABmgACAAAMTWFjaW50b3NoIEhEAAAAAAAAAAAAAAAAAAAAyyPr50grAAAABXOZD2ZlcnJhcmkyMDA0LnBkZgAAAAAAAAAAAAAAAAAAAAAAAAAAAAAAAAAAAAAAAAAAAAAAAAAAAAAAAAAAAAAAAAWcsZXQg8H1AAAAAAAAAAAAAQACAAAJIAAAAAAAAAAAAAAAAAAAAAZQYXBlcnMAEAAIAADLJFxnAAAAEQAIAADQhDJ1AAAAAQAQAAVzmQAFD/gABHbLAADAHwACAEJNYWNpbnRvc2ggSEQ6VXNlcnM6AHNlYW5hbmRlcnNvbjoARHJvcGJveDoAUGFwZXJzOgBmZXJyYXJpMjAwNC5wZGYADgAgAA8AZgBlAHIAcgBhAHIAaQAyADAAMAA0AC4AcABkAGYADwAaAAwATQBhAGMAaQBuAHQAbwBzAGgAIABIAEQAEgAxVXNlcnMvc2VhbmFuZGVyc29uL0Ryb3Bib3gvUGFwZXJzL2ZlcnJhcmkyMDA0LnBkZgAAEwABLwAAFQACABP//wAAgAbSGxwdHlokY2xhc3NuYW1lWCRjbGFzc2VzXU5TTXV0YWJsZURhdGGjHR8gVk5TRGF0YVhOU09iamVjdNIbHCIjXE5TRGljdGlvbmFyeaIiIF8QD05TS2V5ZWRBcmNoaXZlctEmJ1Ryb290gAEACAARABoAIwAtADIANwBAAEYATQBVAGAAZwBqAGwAbgBxAHMAdQB3AIQAjgCqAK8AtwJVAlcCXAJnAnACfgKCAokCkgKXAqQCpwK5ArwCwQAAAAAAAAIBAAAAAAAAACgAAAAAAAAAAAAAAAAAAALD}
		  
}

@Article{	  alvarez1980,
  author	= {Alvarez, Luis W. and Alvarez, Walter and Asaro, Frank and
		  Michel, Helen V.},
  date-added	= {2014-11-01 00:33:42 +0000},
  date-modified	= {2014-11-01 00:33:58 +0000},
  journal	= {Science},
  number	= {4448},
  pages		= {1095--1108},
  title		= {Extraterrestrial Cause for the {Cretaceous-Tertiary}
		  Extinction},
  volume	= {208},
  year		= {1980},
  bdsk-file-1	= {YnBsaXN0MDDUAQIDBAUGJCVYJHZlcnNpb25YJG9iamVjdHNZJGFyY2hpdmVyVCR0b3ASAAGGoKgHCBMUFRYaIVUkbnVsbNMJCgsMDxJXTlMua2V5c1pOUy5vYmplY3RzViRjbGFzc6INDoACgAOiEBGABIAFgAdccmVsYXRpdmVQYXRoWWFsaWFzRGF0YV8QGS4uL1BhcGVycy9hbHZhcmV6MTk4MC5wZGbSFwsYGVdOUy5kYXRhTxEBmgAAAAABmgACAAAMTWFjaW50b3NoIEhEAAAAAAAAAAAAAAAAAAAAyyPr50grAAAABXOZD2FsdmFyZXoxOTgwLnBkZgAAAAAAAAAAAAAAAAAAAAAAAAAAAAAAAAAAAAAAAAAAAAAAAAAAAAAAAAAAAAAAAAWYuLnQeXhtAAAAAAAAAAAAAQACAAAJIAAAAAAAAAAAAAAAAAAAAAZQYXBlcnMAEAAIAADLJFxnAAAAEQAIAADQedrdAAAAAQAQAAVzmQAFD/gABHbLAADAHwACAEJNYWNpbnRvc2ggSEQ6VXNlcnM6AHNlYW5hbmRlcnNvbjoARHJvcGJveDoAUGFwZXJzOgBhbHZhcmV6MTk4MC5wZGYADgAgAA8AYQBsAHYAYQByAGUAegAxADkAOAAwAC4AcABkAGYADwAaAAwATQBhAGMAaQBuAHQAbwBzAGgAIABIAEQAEgAxVXNlcnMvc2VhbmFuZGVyc29uL0Ryb3Bib3gvUGFwZXJzL2FsdmFyZXoxOTgwLnBkZgAAEwABLwAAFQACABP//wAAgAbSGxwdHlokY2xhc3NuYW1lWCRjbGFzc2VzXU5TTXV0YWJsZURhdGGjHR8gVk5TRGF0YVhOU09iamVjdNIbHCIjXE5TRGljdGlvbmFyeaIiIF8QD05TS2V5ZWRBcmNoaXZlctEmJ1Ryb290gAEACAARABoAIwAtADIANwBAAEYATQBVAGAAZwBqAGwAbgBxAHMAdQB3AIQAjgCqAK8AtwJVAlcCXAJnAnACfgKCAokCkgKXAqQCpwK5ArwCwQAAAAAAAAIBAAAAAAAAACgAAAAAAAAAAAAAAAAAAALD}
		  
}

@Article{	  meehl2004,
  abstract	= {A global coupled climate model shows that there is a
		  distinct geographic pattern to future changes in heat
		  waves. Model results for areas of Europe and North America,
		  associated with the severe heat waves in Chicago in 1995
		  and Paris in 2003, show that future heat waves in these
		  areas will become more intense, more frequent, and longer
		  lasting in the second half of the 21st century.
		  Observations and the model show that present-day heat waves
		  over Europe and North America coincide with a specific
		  atmospheric circulation pattern that is intensified by
		  ongoing increases in greenhouse gases, indicating that it
		  will produce more severe heat waves in those regions in the
		  future.},
  author	= {Meehl, Gerald A. and Tebaldi, Claudia},
  date-added	= {2014-10-24 23:51:26 +0000},
  date-modified	= {2014-10-24 23:51:37 +0000},
  doi		= {10.1126/science.1098704},
  journal	= {Science},
  number	= {5686},
  pages		= {994-997},
  title		= {More Intense, More Frequent, and Longer Lasting Heat Waves
		  in the 21st Century},
  volume	= {305},
  year		= {2004},
  bdsk-file-1	= {YnBsaXN0MDDUAQIDBAUGJCVYJHZlcnNpb25YJG9iamVjdHNZJGFyY2hpdmVyVCR0b3ASAAGGoKgHCBMUFRYaIVUkbnVsbNMJCgsMDxJXTlMua2V5c1pOUy5vYmplY3RzViRjbGFzc6INDoACgAOiEBGABIAFgAdccmVsYXRpdmVQYXRoWWFsaWFzRGF0YV8QFy4uL1BhcGVycy9tZWVobDIwMDQucGRm0hcLGBlXTlMuZGF0YU8RAZIAAAAAAZIAAgAADE1hY2ludG9zaCBIRAAAAAAAAAAAAAAAAAAAAMsj6+dIKwAAAAVzmQ1tZWVobDIwMDQucGRmAAAAAAAAAAAAAAAAAAAAAAAAAAAAAAAAAAAAAAAAAAAAAAAAAAAAAAAAAAAAAAAAAAAFk/w50HAz4QAAAAAAAAAAAAEAAgAACSAAAAAAAAAAAAAAAAAAAAAGUGFwZXJzABAACAAAyyRcZwAAABEACAAA0HCWUQAAAAEAEAAFc5kABQ/4AAR2ywAAwB8AAgBATWFjaW50b3NoIEhEOlVzZXJzOgBzZWFuYW5kZXJzb246AERyb3Bib3g6AFBhcGVyczoAbWVlaGwyMDA0LnBkZgAOABwADQBtAGUAZQBoAGwAMgAwADAANAAuAHAAZABmAA8AGgAMAE0AYQBjAGkAbgB0AG8AcwBoACAASABEABIAL1VzZXJzL3NlYW5hbmRlcnNvbi9Ecm9wYm94L1BhcGVycy9tZWVobDIwMDQucGRmAAATAAEvAAAVAAIAE///AACABtIbHB0eWiRjbGFzc25hbWVYJGNsYXNzZXNdTlNNdXRhYmxlRGF0YaMdHyBWTlNEYXRhWE5TT2JqZWN00hscIiNcTlNEaWN0aW9uYXJ5oiIgXxAPTlNLZXllZEFyY2hpdmVy0SYnVHJvb3SAAQAIABEAGgAjAC0AMgA3AEAARgBNAFUAYABnAGoAbABuAHEAcwB1AHcAhACOAKgArQC1AksCTQJSAl0CZgJ0AngCfwKIAo0CmgKdAq8CsgK3AAAAAAAAAgEAAAAAAAAAKAAAAAAAAAAAAAAAAAAAArk=}
		  
}

@Article{	  caddy1996,
  annote	= {doi: 10.1577/1548-8675(1996)016<0479:TOLFMO>2.3.CO;2},
  author	= {Caddy, J. F. and McGarvey, R.},
  date-added	= {2014-10-24 23:34:52 +0000},
  date-modified	= {2014-10-24 23:35:49 +0000},
  doi		= {10.1577/1548-8675(1996)016<0479:TOLFMO>2.3.CO;2},
  journal	= {N. Am. J. Fish. Manage.},
  number	= {3},
  pages		= {479--487},
  title		= {Targets or Limits for Management of Fisheries?},
  volume	= {16},
  year		= {1996},
  bdsk-file-1	= {YnBsaXN0MDDUAQIDBAUGJCVYJHZlcnNpb25YJG9iamVjdHNZJGFyY2hpdmVyVCR0b3ASAAGGoKgHCBMUFRYaIVUkbnVsbNMJCgsMDxJXTlMua2V5c1pOUy5vYmplY3RzViRjbGFzc6INDoACgAOiEBGABIAFgAdccmVsYXRpdmVQYXRoWWFsaWFzRGF0YV8QFy4uL1BhcGVycy9jYWRkeTE5OTYucGRm0hcLGBlXTlMuZGF0YU8RAZIAAAAAAZIAAgAADE1hY2ludG9zaCBIRAAAAAAAAAAAAAAAAAAAAMsj6+dIKwAAAAVzmQ1jYWRkeTE5OTYucGRmAAAAAAAAAAAAAAAAAAAAAAAAAAAAAAAAAAAAAAAAAAAAAAAAAAAAAAAAAAAAAAAAAAAFk/nv0HAwGgAAAAAAAAAAAAEAAgAACSAAAAAAAAAAAAAAAAAAAAAGUGFwZXJzABAACAAAyyRcZwAAABEACAAA0HCSigAAAAEAEAAFc5kABQ/4AAR2ywAAwB8AAgBATWFjaW50b3NoIEhEOlVzZXJzOgBzZWFuYW5kZXJzb246AERyb3Bib3g6AFBhcGVyczoAY2FkZHkxOTk2LnBkZgAOABwADQBjAGEAZABkAHkAMQA5ADkANgAuAHAAZABmAA8AGgAMAE0AYQBjAGkAbgB0AG8AcwBoACAASABEABIAL1VzZXJzL3NlYW5hbmRlcnNvbi9Ecm9wYm94L1BhcGVycy9jYWRkeTE5OTYucGRmAAATAAEvAAAVAAIAE///AACABtIbHB0eWiRjbGFzc25hbWVYJGNsYXNzZXNdTlNNdXRhYmxlRGF0YaMdHyBWTlNEYXRhWE5TT2JqZWN00hscIiNcTlNEaWN0aW9uYXJ5oiIgXxAPTlNLZXllZEFyY2hpdmVy0SYnVHJvb3SAAQAIABEAGgAjAC0AMgA3AEAARgBNAFUAYABnAGoAbABuAHEAcwB1AHcAhACOAKgArQC1AksCTQJSAl0CZgJ0AngCfwKIAo0CmgKdAq8CsgK3AAAAAAAAAgEAAAAAAAAAKAAAAAAAAAAAAAAAAAAAArk=}
		  
}

@Article{	  hoffman2014,
  author	= {Matthew D. Hoffman and Andrew Gelman},
  date-added	= {2014-10-08 17:16:07 +0000},
  date-modified	= {2014-11-17 20:46:25 +0000},
  journal	= {J. Mach. Learn. Res.},
  pages		= {1593--1623},
  title		= {The {No-U-Turn Sampler}: adaptively Setting Path Lengths
		  in {Hamiltonian Monte Carlo}},
  volume	= {15},
  year		= {2014},
  bdsk-file-1	= {YnBsaXN0MDDUAQIDBAUGJCVYJHZlcnNpb25YJG9iamVjdHNZJGFyY2hpdmVyVCR0b3ASAAGGoKgHCBMUFRYaIVUkbnVsbNMJCgsMDxJXTlMua2V5c1pOUy5vYmplY3RzViRjbGFzc6INDoACgAOiEBGABIAFgAdccmVsYXRpdmVQYXRoWWFsaWFzRGF0YV8QGS4uL1BhcGVycy9ob2ZmbWFuMjAxNC5wZGbSFwsYGVdOUy5kYXRhTxEBmgAAAAABmgACAAAMTWFjaW50b3NoIEhEAAAAAAAAAAAAAAAAAAAAyyPr50grAAAABXOZD2hvZmZtYW4yMDE0LnBkZgAAAAAAAAAAAAAAAAAAAAAAAAAAAAAAAAAAAAAAAAAAAAAAAAAAAAAAAAAAAAAAAAWCZh7QWr7AAAAAAAAAAAAAAQACAAAJIAAAAAAAAAAAAAAAAAAAAAZQYXBlcnMAEAAIAADLJFxnAAAAEQAIAADQWyEwAAAAAQAQAAVzmQAFD/gABHbLAADAHwACAEJNYWNpbnRvc2ggSEQ6VXNlcnM6AHNlYW5hbmRlcnNvbjoARHJvcGJveDoAUGFwZXJzOgBob2ZmbWFuMjAxNC5wZGYADgAgAA8AaABvAGYAZgBtAGEAbgAyADAAMQA0AC4AcABkAGYADwAaAAwATQBhAGMAaQBuAHQAbwBzAGgAIABIAEQAEgAxVXNlcnMvc2VhbmFuZGVyc29uL0Ryb3Bib3gvUGFwZXJzL2hvZmZtYW4yMDE0LnBkZgAAEwABLwAAFQACABP//wAAgAbSGxwdHlokY2xhc3NuYW1lWCRjbGFzc2VzXU5TTXV0YWJsZURhdGGjHR8gVk5TRGF0YVhOU09iamVjdNIbHCIjXE5TRGljdGlvbmFyeaIiIF8QD05TS2V5ZWRBcmNoaXZlctEmJ1Ryb290gAEACAARABoAIwAtADIANwBAAEYATQBVAGAAZwBqAGwAbgBxAHMAdQB3AIQAjgCqAK8AtwJVAlcCXAJnAnACfgKCAokCkgKXAqQCpwK5ArwCwQAAAAAAAAIBAAAAAAAAACgAAAAAAAAAAAAAAAAAAALD}
		  
}

@Manual{	  gpdd2010,
  author	= {{NERC Centre for Population Biology, Imperial College}},
  date-added	= {2014-10-08 16:30:07 +0000},
  date-modified	= {2014-10-22 17:03:22 +0000},
  title		= {{The Global Population Dynamics Database Version 2}},
  url		= {http://www3.imperial.ac.uk/cpb/databases/gpdd},
  year		= {2010},
  bdsk-url-1	= {http://www3.imperial.ac.uk/cpb/databases/gpdd}
}

@Article{	  gelman2008d,
  author	= {Andrew Gelman and Aleks Jakulin and Maria Grazia Pittau
		  and Yu-Sung Su},
  date-added	= {2014-10-05 23:20:32 +0000},
  date-modified	= {2014-10-05 23:23:07 +0000},
  journal	= {Ann. Appl. Stat.},
  number	= {4},
  pages		= {1360--1383},
  title		= {A weakly informative default prior distribution for
		  logistic and other regression models},
  volume	= {2},
  year		= {2008},
  bdsk-file-1	= {YnBsaXN0MDDUAQIDBAUGJCVYJHZlcnNpb25YJG9iamVjdHNZJGFyY2hpdmVyVCR0b3ASAAGGoKgHCBMUFRYaIVUkbnVsbNMJCgsMDxJXTlMua2V5c1pOUy5vYmplY3RzViRjbGFzc6INDoACgAOiEBGABIAFgAdccmVsYXRpdmVQYXRoWWFsaWFzRGF0YV8QGS4uL1BhcGVycy9nZWxtYW4yMDA4ZC5wZGbSFwsYGVdOUy5kYXRhTxEBmgAAAAABmgACAAAMTWFjaW50b3NoIEhEAAAAAAAAAAAAAAAAAAAAyyPr50grAAAABXOZD2dlbG1hbjIwMDhkLnBkZgAAAAAAAAAAAAAAAAAAAAAAAAAAAAAAAAAAAAAAAAAAAAAAAAAAAAAAAAAAAAAAAAWCZh3QVx+2AAAAAAAAAAAAAQACAAAJIAAAAAAAAAAAAAAAAAAAAAZQYXBlcnMAEAAIAADLJFxnAAAAEQAIAADQV4ImAAAAAQAQAAVzmQAFD/gABHbLAADAHwACAEJNYWNpbnRvc2ggSEQ6VXNlcnM6AHNlYW5hbmRlcnNvbjoARHJvcGJveDoAUGFwZXJzOgBnZWxtYW4yMDA4ZC5wZGYADgAgAA8AZwBlAGwAbQBhAG4AMgAwADAAOABkAC4AcABkAGYADwAaAAwATQBhAGMAaQBuAHQAbwBzAGgAIABIAEQAEgAxVXNlcnMvc2VhbmFuZGVyc29uL0Ryb3Bib3gvUGFwZXJzL2dlbG1hbjIwMDhkLnBkZgAAEwABLwAAFQACABP//wAAgAbSGxwdHlokY2xhc3NuYW1lWCRjbGFzc2VzXU5TTXV0YWJsZURhdGGjHR8gVk5TRGF0YVhOU09iamVjdNIbHCIjXE5TRGljdGlvbmFyeaIiIF8QD05TS2V5ZWRBcmNoaXZlctEmJ1Ryb290gAEACAARABoAIwAtADIANwBAAEYATQBVAGAAZwBqAGwAbgBxAHMAdQB3AIQAjgCqAK8AtwJVAlcCXAJnAnACfgKCAokCkgKXAqQCpwK5ArwCwQAAAAAAAAIBAAAAAAAAACgAAAAAAAAAAAAAAAAAAALD}
		  
}

@Article{	  mackenzie1952,
  author	= {Mackenzie, J. M. D.},
  date-added	= {2014-09-22 17:23:53 +0000},
  date-modified	= {2014-09-22 17:24:19 +0000},
  doi		= {10.2307/1914},
  journal	= {J. Anim. Ecol.},
  number	= {1},
  pages		= {128--153},
  title		= {Fluctuations in the Numbers of {British} Tetraonids},
  volume	= {21},
  year		= {1952},
  bdsk-file-1	= {YnBsaXN0MDDUAQIDBAUGJCVYJHZlcnNpb25YJG9iamVjdHNZJGFyY2hpdmVyVCR0b3ASAAGGoKgHCBMUFRYaIVUkbnVsbNMJCgsMDxJXTlMua2V5c1pOUy5vYmplY3RzViRjbGFzc6INDoACgAOiEBGABIAFgAdccmVsYXRpdmVQYXRoWWFsaWFzRGF0YV8QGy4uL1BhcGVycy9tYWNrZW56aWUxOTUyLnBkZtIXCxgZV05TLmRhdGFPEQGiAAAAAAGiAAIAAAxNYWNpbnRvc2ggSEQAAAAAAAAAAAAAAAAAAADLI+vnSCsAAAAFc5kRbWFja2VuemllMTk1Mi5wZGYAAAAAAAAAAAAAAAAAAAAAAAAAAAAAAAAAAAAAAAAAAAAAAAAAAAAAAAAAAAAABYJmEdBFqV0AAAAAAAAAAAABAAIAAAkgAAAAAAAAAAAAAAAAAAAABlBhcGVycwAQAAgAAMskXGcAAAARAAgAANBGC80AAAABABAABXOZAAUP+AAEdssAAMAfAAIARE1hY2ludG9zaCBIRDpVc2VyczoAc2VhbmFuZGVyc29uOgBEcm9wYm94OgBQYXBlcnM6AG1hY2tlbnppZTE5NTIucGRmAA4AJAARAG0AYQBjAGsAZQBuAHoAaQBlADEAOQA1ADIALgBwAGQAZgAPABoADABNAGEAYwBpAG4AdABvAHMAaAAgAEgARAASADNVc2Vycy9zZWFuYW5kZXJzb24vRHJvcGJveC9QYXBlcnMvbWFja2VuemllMTk1Mi5wZGYAABMAAS8AABUAAgAT//8AAIAG0hscHR5aJGNsYXNzbmFtZVgkY2xhc3Nlc11OU011dGFibGVEYXRhox0fIFZOU0RhdGFYTlNPYmplY3TSGxwiI1xOU0RpY3Rpb25hcnmiIiBfEA9OU0tleWVkQXJjaGl2ZXLRJidUcm9vdIABAAgAEQAaACMALQAyADcAQABGAE0AVQBgAGcAagBsAG4AcQBzAHUAdwCEAI4ArACxALkCXwJhAmYCcQJ6AogCjAKTApwCoQKuArECwwLGAssAAAAAAAACAQAAAAAAAAAoAAAAAAAAAAAAAAAAAAACzQ==}
		  
}

@InCollection{	  shaughnessy1982,
  address	= {Rome, Italy},
  author	= {P D Shaughnessy},
  booktitle	= {Mammals in the Seas. Volume {IV}. Small Cetaceans, Seals,
		  Sirenians and Otters},
  date-added	= {2014-09-22 16:45:25 +0000},
  date-modified	= {2014-09-22 16:48:40 +0000},
  pages		= {383--410},
  publisher	= {Food and Agriculture Organization of the United Nations},
  title		= {The status of seals in {South Africa} and {Namibia}},
  year		= {1982}
}

@Article{	  newton1998,
  author	= {Newton, I. and Rothery, P. and Dale, L. C.},
  date-added	= {2014-09-22 16:26:53 +0000},
  date-modified	= {2014-10-17 03:42:06 +0000},
  doi		= {10.1111/j.1474-919X.1998.tb04550.x},
  journal	= {Ibis},
  number	= {1},
  pages		= {131--136},
  title		= {Density-dependence in the bird populations of an oak wood
		  over 22 years},
  volume	= {140},
  year		= {1998},
  bdsk-file-1	= {YnBsaXN0MDDUAQIDBAUGJCVYJHZlcnNpb25YJG9iamVjdHNZJGFyY2hpdmVyVCR0b3ASAAGGoKgHCBMUFRYaIVUkbnVsbNMJCgsMDxJXTlMua2V5c1pOUy5vYmplY3RzViRjbGFzc6INDoACgAOiEBGABIAFgAdccmVsYXRpdmVQYXRoWWFsaWFzRGF0YV8QGC4uL1BhcGVycy9uZXd0b24xOTk4LnBkZtIXCxgZV05TLmRhdGFPEQGWAAAAAAGWAAIAAAxNYWNpbnRvc2ggSEQAAAAAAAAAAAAAAAAAAADLI+vnSCsAAAAFc5kObmV3dG9uMTk5OC5wZGYAAAAAAAAAAAAAAAAAAAAAAAAAAAAAAAAAAAAAAAAAAAAAAAAAAAAAAAAAAAAAAAAABYJmDdBFm6YAAAAAAAAAAAABAAIAAAkgAAAAAAAAAAAAAAAAAAAABlBhcGVycwAQAAgAAMskXGcAAAARAAgAANBF/hYAAAABABAABXOZAAUP+AAEdssAAMAfAAIAQU1hY2ludG9zaCBIRDpVc2VyczoAc2VhbmFuZGVyc29uOgBEcm9wYm94OgBQYXBlcnM6AG5ld3RvbjE5OTgucGRmAAAOAB4ADgBuAGUAdwB0AG8AbgAxADkAOQA4AC4AcABkAGYADwAaAAwATQBhAGMAaQBuAHQAbwBzAGgAIABIAEQAEgAwVXNlcnMvc2VhbmFuZGVyc29uL0Ryb3Bib3gvUGFwZXJzL25ld3RvbjE5OTgucGRmABMAAS8AABUAAgAT//8AAIAG0hscHR5aJGNsYXNzbmFtZVgkY2xhc3Nlc11OU011dGFibGVEYXRhox0fIFZOU0RhdGFYTlNPYmplY3TSGxwiI1xOU0RpY3Rpb25hcnmiIiBfEA9OU0tleWVkQXJjaGl2ZXLRJidUcm9vdIABAAgAEQAaACMALQAyADcAQABGAE0AVQBgAGcAagBsAG4AcQBzAHUAdwCEAI4AqQCuALYCUAJSAlcCYgJrAnkCfQKEAo0CkgKfAqICtAK3ArwAAAAAAAACAQAAAAAAAAAoAAAAAAAAAAAAAAAAAAACvg==}
		  
}

@Article{	  dobson1995,
  author	= {Dobson, ANDREW and Hudson, PETER},
  date-added	= {2014-09-19 23:07:11 +0000},
  date-modified	= {2014-09-19 23:07:35 +0000},
  doi		= {10.1111/j.1474-919X.1995.tb08463.x},
  journal	= {Ibis},
  pages		= {S87--S96},
  title		= {The interaction between the parasites and predators of Red
		  Grouse \textit{Lagopus lagopus scoticus}},
  volume	= {137},
  year		= {1995},
  bdsk-file-1	= {YnBsaXN0MDDUAQIDBAUGJCVYJHZlcnNpb25YJG9iamVjdHNZJGFyY2hpdmVyVCR0b3ASAAGGoKgHCBMUFRYaIVUkbnVsbNMJCgsMDxJXTlMua2V5c1pOUy5vYmplY3RzViRjbGFzc6INDoACgAOiEBGABIAFgAdccmVsYXRpdmVQYXRoWWFsaWFzRGF0YV8QGC4uL1BhcGVycy9kb2Jzb24xOTk1LnBkZtIXCxgZV05TLmRhdGFPEQGWAAAAAAGWAAIAAAxNYWNpbnRvc2ggSEQAAAAAAAAAAAAAAAAAAADLI+vnSCsAAAAFc5kOZG9ic29uMTk5NS5wZGYAAAAAAAAAAAAAAAAAAAAAAAAAAAAAAAAAAAAAAAAAAAAAAAAAAAAAAAAAAAAAAAAABYJmCtBCBQgAAAAAAAAAAAABAAIAAAkgAAAAAAAAAAAAAAAAAAAABlBhcGVycwAQAAgAAMskXGcAAAARAAgAANBCZ3gAAAABABAABXOZAAUP+AAEdssAAMAfAAIAQU1hY2ludG9zaCBIRDpVc2VyczoAc2VhbmFuZGVyc29uOgBEcm9wYm94OgBQYXBlcnM6AGRvYnNvbjE5OTUucGRmAAAOAB4ADgBkAG8AYgBzAG8AbgAxADkAOQA1AC4AcABkAGYADwAaAAwATQBhAGMAaQBuAHQAbwBzAGgAIABIAEQAEgAwVXNlcnMvc2VhbmFuZGVyc29uL0Ryb3Bib3gvUGFwZXJzL2RvYnNvbjE5OTUucGRmABMAAS8AABUAAgAT//8AAIAG0hscHR5aJGNsYXNzbmFtZVgkY2xhc3Nlc11OU011dGFibGVEYXRhox0fIFZOU0RhdGFYTlNPYmplY3TSGxwiI1xOU0RpY3Rpb25hcnmiIiBfEA9OU0tleWVkQXJjaGl2ZXLRJidUcm9vdIABAAgAEQAaACMALQAyADcAQABGAE0AVQBgAGcAagBsAG4AcQBzAHUAdwCEAI4AqQCuALYCUAJSAlcCYgJrAnkCfQKEAo0CkgKfAqICtAK3ArwAAAAAAAACAQAAAAAAAAAoAAAAAAAAAAAAAAAAAAACvg==}
		  
}

@Article{	  stafford1971,
  author	= {J Stafford},
  date-added	= {2014-09-18 22:35:02 +0000},
  date-modified	= {2014-09-18 22:36:01 +0000},
  journal	= {Bird Study},
  number	= {4},
  pages		= {218--221},
  title		= {The Heron Population of {England} and {Wales}},
  volume	= {18},
  year		= {1971},
  bdsk-file-1	= {YnBsaXN0MDDUAQIDBAUGJCVYJHZlcnNpb25YJG9iamVjdHNZJGFyY2hpdmVyVCR0b3ASAAGGoKgHCBMUFRYaIVUkbnVsbNMJCgsMDxJXTlMua2V5c1pOUy5vYmplY3RzViRjbGFzc6INDoACgAOiEBGABIAFgAdccmVsYXRpdmVQYXRoWWFsaWFzRGF0YV8QGi4uL1BhcGVycy9zdGFmZm9yZDE5NzEucGRm0hcLGBlXTlMuZGF0YU8RAZ4AAAAAAZ4AAgAADE1hY2ludG9zaCBIRAAAAAAAAAAAAAAAAAAAAMsj6+dIKwAAAAVzmRBzdGFmZm9yZDE5NzEucGRmAAAAAAAAAAAAAAAAAAAAAAAAAAAAAAAAAAAAAAAAAAAAAAAAAAAAAAAAAAAAAAAFgmYH0ECsGgAAAAAAAAAAAAEAAgAACSAAAAAAAAAAAAAAAAAAAAAGUGFwZXJzABAACAAAyyRcZwAAABEACAAA0EEOigAAAAEAEAAFc5kABQ/4AAR2ywAAwB8AAgBDTWFjaW50b3NoIEhEOlVzZXJzOgBzZWFuYW5kZXJzb246AERyb3Bib3g6AFBhcGVyczoAc3RhZmZvcmQxOTcxLnBkZgAADgAiABAAcwB0AGEAZgBmAG8AcgBkADEAOQA3ADEALgBwAGQAZgAPABoADABNAGEAYwBpAG4AdABvAHMAaAAgAEgARAASADJVc2Vycy9zZWFuYW5kZXJzb24vRHJvcGJveC9QYXBlcnMvc3RhZmZvcmQxOTcxLnBkZgATAAEvAAAVAAIAE///AACABtIbHB0eWiRjbGFzc25hbWVYJGNsYXNzZXNdTlNNdXRhYmxlRGF0YaMdHyBWTlNEYXRhWE5TT2JqZWN00hscIiNcTlNEaWN0aW9uYXJ5oiIgXxAPTlNLZXllZEFyY2hpdmVy0SYnVHJvb3SAAQAIABEAGgAjAC0AMgA3AEAARgBNAFUAYABnAGoAbABuAHEAcwB1AHcAhACOAKsAsAC4AloCXAJhAmwCdQKDAocCjgKXApwCqQKsAr4CwQLGAAAAAAAAAgEAAAAAAAAAKAAAAAAAAAAAAAAAAAAAAsg=}
		  
}

@Article{	  potts1980,
  author	= {G R Potts and J C Coulson and I R Deans},
  date-added	= {2014-09-18 22:32:13 +0000},
  date-modified	= {2014-09-18 22:33:48 +0000},
  journal	= {J. Anim. Ecol.},
  number	= {2},
  pages		= {465--484},
  title		= {Population Dynamics and Breeding Success of the Shag,
		  \textit{Phalacrocorax aristotelis}, on the {Farne Islands},
		  {Northumberland}},
  volume	= {49},
  year		= {1980},
  bdsk-file-1	= {YnBsaXN0MDDUAQIDBAUGJCVYJHZlcnNpb25YJG9iamVjdHNZJGFyY2hpdmVyVCR0b3ASAAGGoKgHCBMUFRYaIVUkbnVsbNMJCgsMDxJXTlMua2V5c1pOUy5vYmplY3RzViRjbGFzc6INDoACgAOiEBGABIAFgAdccmVsYXRpdmVQYXRoWWFsaWFzRGF0YV8QFy4uL1BhcGVycy9wb3R0czE5ODAucGRm0hcLGBlXTlMuZGF0YU8RAZIAAAAAAZIAAgAADE1hY2ludG9zaCBIRAAAAAAAAAAAAAAAAAAAAMsj6+dIKwAAAAVzmQ1wb3R0czE5ODAucGRmAAAAAAAAAAAAAAAAAAAAAAAAAAAAAAAAAAAAAAAAAAAAAAAAAAAAAAAAAAAAAAAAAAAFgmYG0ECrZQAAAAAAAAAAAAEAAgAACSAAAAAAAAAAAAAAAAAAAAAGUGFwZXJzABAACAAAyyRcZwAAABEACAAA0EEN1QAAAAEAEAAFc5kABQ/4AAR2ywAAwB8AAgBATWFjaW50b3NoIEhEOlVzZXJzOgBzZWFuYW5kZXJzb246AERyb3Bib3g6AFBhcGVyczoAcG90dHMxOTgwLnBkZgAOABwADQBwAG8AdAB0AHMAMQA5ADgAMAAuAHAAZABmAA8AGgAMAE0AYQBjAGkAbgB0AG8AcwBoACAASABEABIAL1VzZXJzL3NlYW5hbmRlcnNvbi9Ecm9wYm94L1BhcGVycy9wb3R0czE5ODAucGRmAAATAAEvAAAVAAIAE///AACABtIbHB0eWiRjbGFzc25hbWVYJGNsYXNzZXNdTlNNdXRhYmxlRGF0YaMdHyBWTlNEYXRhWE5TT2JqZWN00hscIiNcTlNEaWN0aW9uYXJ5oiIgXxAPTlNLZXllZEFyY2hpdmVy0SYnVHJvb3SAAQAIABEAGgAjAC0AMgA3AEAARgBNAFUAYABnAGoAbABuAHEAcwB1AHcAhACOAKgArQC1AksCTQJSAl0CZgJ0AngCfwKIAo0CmgKdAq8CsgK3AAAAAAAAAgEAAAAAAAAAKAAAAAAAAAAAAAAAAAAAArk=}
		  
}

@Article{	  brook2006a,
  author	= {Brook, Barry W. and Traill, Lochran W. and Bradshaw, Corey
		  J. A.},
  date-added	= {2014-09-18 22:23:10 +0000},
  date-modified	= {2014-09-18 22:23:48 +0000},
  doi		= {10.1111/j.1461-0248.2006.00883.x},
  journal	= {Ecol. Lett.},
  number	= {4},
  pages		= {375--382},
  title		= {Minimum viable population sizes and global extinction risk
		  are unrelated},
  volume	= {9},
  year		= {2006},
  bdsk-file-1	= {YnBsaXN0MDDUAQIDBAUGJCVYJHZlcnNpb25YJG9iamVjdHNZJGFyY2hpdmVyVCR0b3ASAAGGoKgHCBMUFRYaIVUkbnVsbNMJCgsMDxJXTlMua2V5c1pOUy5vYmplY3RzViRjbGFzc6INDoACgAOiEBGABIAFgAdccmVsYXRpdmVQYXRoWWFsaWFzRGF0YV8QGC4uL1BhcGVycy9icm9vazIwMDZhLnBkZtIXCxgZV05TLmRhdGFPEQGWAAAAAAGWAAIAAAxNYWNpbnRvc2ggSEQAAAAAAAAAAAAAAAAAAADLI+vnSCsAAAAFc5kOYnJvb2syMDA2YS5wZGYAAAAAAAAAAAAAAAAAAAAAAAAAAAAAAAAAAAAAAAAAAAAAAAAAAAAAAAAAAAAAAAAABYJmBdBAqUoAAAAAAAAAAAABAAIAAAkgAAAAAAAAAAAAAAAAAAAABlBhcGVycwAQAAgAAMskXGcAAAARAAgAANBBC7oAAAABABAABXOZAAUP+AAEdssAAMAfAAIAQU1hY2ludG9zaCBIRDpVc2VyczoAc2VhbmFuZGVyc29uOgBEcm9wYm94OgBQYXBlcnM6AGJyb29rMjAwNmEucGRmAAAOAB4ADgBiAHIAbwBvAGsAMgAwADAANgBhAC4AcABkAGYADwAaAAwATQBhAGMAaQBuAHQAbwBzAGgAIABIAEQAEgAwVXNlcnMvc2VhbmFuZGVyc29uL0Ryb3Bib3gvUGFwZXJzL2Jyb29rMjAwNmEucGRmABMAAS8AABUAAgAT//8AAIAG0hscHR5aJGNsYXNzbmFtZVgkY2xhc3Nlc11OU011dGFibGVEYXRhox0fIFZOU0RhdGFYTlNPYmplY3TSGxwiI1xOU0RpY3Rpb25hcnmiIiBfEA9OU0tleWVkQXJjaGl2ZXLRJidUcm9vdIABAAgAEQAaACMALQAyADcAQABGAE0AVQBgAGcAagBsAG4AcQBzAHUAdwCEAI4AqQCuALYCUAJSAlcCYgJrAnkCfQKEAo0CkgKfAqICtAK3ArwAAAAAAAACAQAAAAAAAAAoAAAAAAAAAAAAAAAAAAACvg==}
		  
}

@Manual{	  r2014,
  address	= {Vienna, Austria},
  author	= {{R Core Team}},
  date-added	= {2014-09-17 20:05:05 +0000},
  date-modified	= {2014-11-04 18:53:22 +0000},
  note		= {Version 3.1.2},
  organization	= {R Foundation for Statistical Computing},
  title		= {R: A Language and Environment for Statistical Computing},
  url		= {http://www.R-project.org},
  year		= {2014},
  bdsk-url-1	= {http://www.R-project.org}
}

@Article{	  inchausti2002,
  author	= {P Inchausti and J Halley},
  date-added	= {2014-09-15 07:54:02 +0000},
  date-modified	= {2014-09-15 07:55:00 +0000},
  journal	= {Evol. Ecol. Res.},
  keywords	= {black-swans; spectral-analysis; gpdd},
  pages		= {1033--1048},
  title		= {The long-term temporal variability and spectral colour of
		  animal populations},
  volume	= {4},
  year		= {2002},
  bdsk-file-1	= {YnBsaXN0MDDUAQIDBAUGJCVYJHZlcnNpb25YJG9iamVjdHNZJGFyY2hpdmVyVCR0b3ASAAGGoKgHCBMUFRYaIVUkbnVsbNMJCgsMDxJXTlMua2V5c1pOUy5vYmplY3RzViRjbGFzc6INDoACgAOiEBGABIAFgAdccmVsYXRpdmVQYXRoWWFsaWFzRGF0YV8QGy4uL1BhcGVycy9pbmNoYXVzdGkyMDAyLnBkZtIXCxgZV05TLmRhdGFPEQGiAAAAAAGiAAIAAAxNYWNpbnRvc2ggSEQAAAAAAAAAAAAAAAAAAADLI+vnSCsAAAAFc5kRaW5jaGF1c3RpMjAwMi5wZGYAAAAAAAAAAAAAAAAAAAAAAAAAAAAAAAAAAAAAAAAAAAAAAAAAAAAAAAAAAAAABYJmAdA76RQAAAAAAAAAAAABAAIAAAkgAAAAAAAAAAAAAAAAAAAABlBhcGVycwAQAAgAAMskXGcAAAARAAgAANA8S4QAAAABABAABXOZAAUP+AAEdssAAMAfAAIARE1hY2ludG9zaCBIRDpVc2VyczoAc2VhbmFuZGVyc29uOgBEcm9wYm94OgBQYXBlcnM6AGluY2hhdXN0aTIwMDIucGRmAA4AJAARAGkAbgBjAGgAYQB1AHMAdABpADIAMAAwADIALgBwAGQAZgAPABoADABNAGEAYwBpAG4AdABvAHMAaAAgAEgARAASADNVc2Vycy9zZWFuYW5kZXJzb24vRHJvcGJveC9QYXBlcnMvaW5jaGF1c3RpMjAwMi5wZGYAABMAAS8AABUAAgAT//8AAIAG0hscHR5aJGNsYXNzbmFtZVgkY2xhc3Nlc11OU011dGFibGVEYXRhox0fIFZOU0RhdGFYTlNPYmplY3TSGxwiI1xOU0RpY3Rpb25hcnmiIiBfEA9OU0tleWVkQXJjaGl2ZXLRJidUcm9vdIABAAgAEQAaACMALQAyADcAQABGAE0AVQBgAGcAagBsAG4AcQBzAHUAdwCEAI4ArACxALkCXwJhAmYCcQJ6AogCjAKTApwCoQKuArECwwLGAssAAAAAAAACAQAAAAAAAAAoAAAAAAAAAAAAAAAAAAACzQ==}
		  
}

@Manual{	  stan-manual2014,
  author	= {{Stan Development Team}},
  date-added	= {2014-09-10 19:01:40 +0000},
  date-modified	= {2014-10-22 17:07:55 +0000},
  title		= {Stan Modeling Language Users Guide and Reference Manual,
		  Version 2.4.0},
  url		= {http://mc-stan.org/},
  year		= {2014},
  bdsk-url-1	= {http://mc-stan.org/}
}

@InCollection{	  ipcc2012,
  address	= {Cambridge, UK, and New York, NY, USA},
  author	= {{IPCC}},
  booktitle	= {A Special Report of Working Groups I and II of the
		  Intergovernmental Panel on Climate Change},
  date-added	= {2014-09-10 18:09:43 +0000},
  date-modified	= {2014-09-10 18:18:26 +0000},
  editor	= {C B Field and V. Barros and T.F. Stocker and D. Qin and D.
		  J. Dokken and K L Ebi and M. D. Mastrandrea and K. J. Mach
		  and G.-K. Plattner and S. K. Allen and M. Tignor and P. M.
		  Midgley},
  publisher	= {Cambridge University Press},
  title		= {Managing the risks of extreme events and disasters to
		  advance climate change adaptation},
  year		= {2012},
  bdsk-file-1	= {YnBsaXN0MDDUAQIDBAUGJCVYJHZlcnNpb25YJG9iamVjdHNZJGFyY2hpdmVyVCR0b3ASAAGGoKgHCBMUFRYaIVUkbnVsbNMJCgsMDxJXTlMua2V5c1pOUy5vYmplY3RzViRjbGFzc6INDoACgAOiEBGABIAFgAdccmVsYXRpdmVQYXRoWWFsaWFzRGF0YV8QFi4uL1BhcGVycy9pcGNjMjAxMi5wZGbSFwsYGVdOUy5kYXRhTxEBjgAAAAABjgACAAAMTWFjaW50b3NoIEhEAAAAAAAAAAAAAAAAAAAAyyPr50grAAAABXOZDGlwY2MyMDEyLnBkZgAAAAAAAAAAAAAAAAAAAAAAAAAAAAAAAAAAAAAAAAAAAAAAAAAAAAAAAAAAAAAAAAAAAAWCZfvQNeQKUERGIAAAAAAAAQACAAAJIAAAAAAAAAAAAAAAAAAAAAZQYXBlcnMAEAAIAADLJFxnAAAAEQAIAADQNkZ6AAAAAQAQAAVzmQAFD/gABHbLAADAHwACAD9NYWNpbnRvc2ggSEQ6VXNlcnM6AHNlYW5hbmRlcnNvbjoARHJvcGJveDoAUGFwZXJzOgBpcGNjMjAxMi5wZGYAAA4AGgAMAGkAcABjAGMAMgAwADEAMgAuAHAAZABmAA8AGgAMAE0AYQBjAGkAbgB0AG8AcwBoACAASABEABIALlVzZXJzL3NlYW5hbmRlcnNvbi9Ecm9wYm94L1BhcGVycy9pcGNjMjAxMi5wZGYAEwABLwAAFQACABP//wAAgAbSGxwdHlokY2xhc3NuYW1lWCRjbGFzc2VzXU5TTXV0YWJsZURhdGGjHR8gVk5TRGF0YVhOU09iamVjdNIbHCIjXE5TRGljdGlvbmFyeaIiIF8QD05TS2V5ZWRBcmNoaXZlctEmJ1Ryb290gAEACAARABoAIwAtADIANwBAAEYATQBVAGAAZwBqAGwAbgBxAHMAdQB3AIQAjgCnAKwAtAJGAkgCTQJYAmECbwJzAnoCgwKIApUCmAKqAq0CsgAAAAAAAAIBAAAAAAAAACgAAAAAAAAAAAAAAAAAAAK0}
		  
}

@Article{	  easterling2000,
  abstract	= {One of the major concerns with a potential change in
		  climate is that an increase in extreme events will occur.
		  Results of observational studies suggest that in many areas
		  that have been analyzed, changes in total precipitation are
		  amplified at the tails, and changes in some temperature
		  extremes have been observed. Model output has been analyzed
		  that shows changes in extreme events for future climates,
		  such as increases in extreme high temperatures, decreases
		  in extreme low temperatures, and increases in intense
		  precipitation events. In addition, the societal
		  infrastructure is becoming more sensitive to weather and
		  climate extremes, which would be exacerbated by climate
		  change. In wild plants and animals, climate-induced
		  extinctions, distributional and phenological changes, and
		  species' range shifts are being documented at an increasing
		  rate. Several apparently gradual biological changes are
		  linked to responses to extreme weather and climate
		  events.},
  author	= {Easterling, David R. and Meehl, Gerald A. and Parmesan,
		  Camille and Changnon, Stanley A. and Karl, Thomas R. and
		  Mearns, Linda O.},
  date-added	= {2014-09-09 06:38:59 +0000},
  date-modified	= {2014-11-17 20:45:46 +0000},
  doi		= {10.1126/science.289.5487.2068},
  journal	= {Science},
  number	= {5487},
  pages		= {2068--2074},
  title		= {Climate extremes: observations, modeling, and impacts},
  volume	= {289},
  year		= {2000},
  bdsk-file-1	= {YnBsaXN0MDDUAQIDBAUGJCVYJHZlcnNpb25YJG9iamVjdHNZJGFyY2hpdmVyVCR0b3ASAAGGoKgHCBMUFRYaIVUkbnVsbNMJCgsMDxJXTlMua2V5c1pOUy5vYmplY3RzViRjbGFzc6INDoACgAOiEBGABIAFgAdccmVsYXRpdmVQYXRoWWFsaWFzRGF0YV8QHC4uL1BhcGVycy9lYXN0ZXJsaW5nMjAwMC5wZGbSFwsYGVdOUy5kYXRhTxEBpgAAAAABpgACAAAMTWFjaW50b3NoIEhEAAAAAAAAAAAAAAAAAAAAyyPr50grAAAABXOZEmVhc3RlcmxpbmcyMDAwLnBkZgAAAAAAAAAAAAAAAAAAAAAAAAAAAAAAAAAAAAAAAAAAAAAAAAAAAAAAAAAAAAWCZf/QM+7EUERGIAAAAAAAAQACAAAJIAAAAAAAAAAAAAAAAAAAAAZQYXBlcnMAEAAIAADLJFxnAAAAEQAIAADQNFE0AAAAAQAQAAVzmQAFD/gABHbLAADAHwACAEVNYWNpbnRvc2ggSEQ6VXNlcnM6AHNlYW5hbmRlcnNvbjoARHJvcGJveDoAUGFwZXJzOgBlYXN0ZXJsaW5nMjAwMC5wZGYAAA4AJgASAGUAYQBzAHQAZQByAGwAaQBuAGcAMgAwADAAMAAuAHAAZABmAA8AGgAMAE0AYQBjAGkAbgB0AG8AcwBoACAASABEABIANFVzZXJzL3NlYW5hbmRlcnNvbi9Ecm9wYm94L1BhcGVycy9lYXN0ZXJsaW5nMjAwMC5wZGYAEwABLwAAFQACABP//wAAgAbSGxwdHlokY2xhc3NuYW1lWCRjbGFzc2VzXU5TTXV0YWJsZURhdGGjHR8gVk5TRGF0YVhOU09iamVjdNIbHCIjXE5TRGljdGlvbmFyeaIiIF8QD05TS2V5ZWRBcmNoaXZlctEmJ1Ryb290gAEACAARABoAIwAtADIANwBAAEYATQBVAGAAZwBqAGwAbgBxAHMAdQB3AIQAjgCtALIAugJkAmYCawJ2An8CjQKRApgCoQKmArMCtgLIAssC0AAAAAAAAAIBAAAAAAAAACgAAAAAAAAAAAAAAAAAAALS}
		  
}

@Article{	  ward2007,
  author	= {Ward, Eric J and Hilborn, Ray and Towell, Rod G and
		  Gerber, Leah},
  date-added	= {2014-08-28 17:53:13 +0000},
  date-modified	= {2014-08-28 17:53:55 +0000},
  doi		= {10.1139/f07-060},
  journal	= {Can. J. Fish. Aquat. Sci.},
  keywords	= {black-swans; catastrophes; state-space-models; bayesian;
		  dic; model-selection},
  number	= {6},
  pages		= {899--910},
  title		= {A state--space mixture approach for estimating
		  catastrophic events in time series data},
  volume	= {64},
  year		= {2007},
  bdsk-file-1	= {YnBsaXN0MDDUAQIDBAUGJCVYJHZlcnNpb25YJG9iamVjdHNZJGFyY2hpdmVyVCR0b3ASAAGGoKgHCBMUFRYaIVUkbnVsbNMJCgsMDxJXTlMua2V5c1pOUy5vYmplY3RzViRjbGFzc6INDoACgAOiEBGABIAFgAdccmVsYXRpdmVQYXRoWWFsaWFzRGF0YV8QFi4uL1BhcGVycy93YXJkMjAwNy5wZGbSFwsYGVdOUy5kYXRhTxEBjgAAAAABjgACAAAMTWFjaW50b3NoIEhEAAAAAAAAAAAAAAAAAAAAyyPr50grAAAABXOZDHdhcmQyMDA3LnBkZgAAAAAAAAAAAAAAAAAAAAAAAAAAAAAAAAAAAAAAAAAAAAAAAAAAAAAAAAAAAAAAAAAAAAWCZezQJLp7AAAAAAAAAAAAAQACAAAJIAAAAAAAAAAAAAAAAAAAAAZQYXBlcnMAEAAIAADLJFxnAAAAEQAIAADQJRzrAAAAAQAQAAVzmQAFD/gABHbLAADAHwACAD9NYWNpbnRvc2ggSEQ6VXNlcnM6AHNlYW5hbmRlcnNvbjoARHJvcGJveDoAUGFwZXJzOgB3YXJkMjAwNy5wZGYAAA4AGgAMAHcAYQByAGQAMgAwADAANwAuAHAAZABmAA8AGgAMAE0AYQBjAGkAbgB0AG8AcwBoACAASABEABIALlVzZXJzL3NlYW5hbmRlcnNvbi9Ecm9wYm94L1BhcGVycy93YXJkMjAwNy5wZGYAEwABLwAAFQACABP//wAAgAbSGxwdHlokY2xhc3NuYW1lWCRjbGFzc2VzXU5TTXV0YWJsZURhdGGjHR8gVk5TRGF0YVhOU09iamVjdNIbHCIjXE5TRGljdGlvbmFyeaIiIF8QD05TS2V5ZWRBcmNoaXZlctEmJ1Ryb290gAEACAARABoAIwAtADIANwBAAEYATQBVAGAAZwBqAGwAbgBxAHMAdQB3AIQAjgCnAKwAtAJGAkgCTQJYAmECbwJzAnoCgwKIApUCmAKqAq0CsgAAAAAAAAIBAAAAAAAAACgAAAAAAAAAAAAAAAAAAAK0}
		  
}

@Article{	  mangel1994,
  author	= {Mangel, Marc and Tier, Charles},
  date-added	= {2014-08-28 17:38:03 +0000},
  date-modified	= {2014-08-28 17:38:13 +0000},
  doi		= {10.2307/1941719},
  journal	= {Ecology},
  number	= {3},
  pages		= {607--614},
  title		= {Four Facts Every Conservation Biologists Should Know about
		  Persistence},
  volume	= {75},
  year		= {1994},
  bdsk-file-1	= {YnBsaXN0MDDUAQIDBAUGJCVYJHZlcnNpb25YJG9iamVjdHNZJGFyY2hpdmVyVCR0b3ASAAGGoKgHCBMUFRYaIVUkbnVsbNMJCgsMDxJXTlMua2V5c1pOUy5vYmplY3RzViRjbGFzc6INDoACgAOiEBGABIAFgAdccmVsYXRpdmVQYXRoWWFsaWFzRGF0YV8QGC4uL1BhcGVycy9tYW5nZWwxOTk0LnBkZtIXCxgZV05TLmRhdGFPEQGWAAAAAAGWAAIAAAxNYWNpbnRvc2ggSEQAAAAAAAAAAAAAAAAAAADLI+vnSCsAAAAFc5kObWFuZ2VsMTk5NC5wZGYAAAAAAAAAAAAAAAAAAAAAAAAAAAAAAAAAAAAAAAAAAAAAAAAAAAAAAAAAAAAAAAAABYJl6tAktusAAAAAAAAAAAABAAIAAAkgAAAAAAAAAAAAAAAAAAAABlBhcGVycwAQAAgAAMskXGcAAAARAAgAANAlGVsAAAABABAABXOZAAUP+AAEdssAAMAfAAIAQU1hY2ludG9zaCBIRDpVc2VyczoAc2VhbmFuZGVyc29uOgBEcm9wYm94OgBQYXBlcnM6AG1hbmdlbDE5OTQucGRmAAAOAB4ADgBtAGEAbgBnAGUAbAAxADkAOQA0AC4AcABkAGYADwAaAAwATQBhAGMAaQBuAHQAbwBzAGgAIABIAEQAEgAwVXNlcnMvc2VhbmFuZGVyc29uL0Ryb3Bib3gvUGFwZXJzL21hbmdlbDE5OTQucGRmABMAAS8AABUAAgAT//8AAIAG0hscHR5aJGNsYXNzbmFtZVgkY2xhc3Nlc11OU011dGFibGVEYXRhox0fIFZOU0RhdGFYTlNPYmplY3TSGxwiI1xOU0RpY3Rpb25hcnmiIiBfEA9OU0tleWVkQXJjaGl2ZXLRJidUcm9vdIABAAgAEQAaACMALQAyADcAQABGAE0AVQBgAGcAagBsAG4AcQBzAHUAdwCEAI4AqQCuALYCUAJSAlcCYgJrAnkCfQKEAo0CkgKfAqICtAK3ArwAAAAAAAACAQAAAAAAAAAoAAAAAAAAAAAAAAAAAAACvg==}
		  
}

@Article{	  fernandez1998,
  author	= {C Fernandez and M F J Steel},
  date-added	= {2014-08-22 08:05:30 +0000},
  date-modified	= {2014-10-17 03:34:41 +0000},
  journal	= {J. Am. Stat. Assoc.},
  keywords	= {black-swans;bayesian},
  number	= {441},
  pages		= {359--371},
  title		= {On {Bayesian} Modeling of Fat Tails and Skewness},
  volume	= {93},
  year		= {1998},
  bdsk-file-1	= {YnBsaXN0MDDUAQIDBAUGJCVYJHZlcnNpb25YJG9iamVjdHNZJGFyY2hpdmVyVCR0b3ASAAGGoKgHCBMUFRYaIVUkbnVsbNMJCgsMDxJXTlMua2V5c1pOUy5vYmplY3RzViRjbGFzc6INDoACgAOiEBGABIAFgAdccmVsYXRpdmVQYXRoWWFsaWFzRGF0YV8QGy4uL1BhcGVycy9mZXJuYW5kZXoxOTk4LnBkZtIXCxgZV05TLmRhdGFPEQGiAAAAAAGiAAIAAAxNYWNpbnRvc2ggSEQAAAAAAAAAAAAAAAAAAADLI+vnSCsAAAAFc5kRZmVybmFuZGV6MTk5OC5wZGYAAAAAAAAAAAAAAAAAAAAAAAAAAAAAAAAAAAAAAAAAAAAAAAAAAAAAAAAAAAAABYJl7dAqBIAAAAAAAAAAAAABAAIAAAkgAAAAAAAAAAAAAAAAAAAABlBhcGVycwAQAAgAAMskXGcAAAARAAgAANAqZvAAAAABABAABXOZAAUP+AAEdssAAMAfAAIARE1hY2ludG9zaCBIRDpVc2VyczoAc2VhbmFuZGVyc29uOgBEcm9wYm94OgBQYXBlcnM6AGZlcm5hbmRlejE5OTgucGRmAA4AJAARAGYAZQByAG4AYQBuAGQAZQB6ADEAOQA5ADgALgBwAGQAZgAPABoADABNAGEAYwBpAG4AdABvAHMAaAAgAEgARAASADNVc2Vycy9zZWFuYW5kZXJzb24vRHJvcGJveC9QYXBlcnMvZmVybmFuZGV6MTk5OC5wZGYAABMAAS8AABUAAgAT//8AAIAG0hscHR5aJGNsYXNzbmFtZVgkY2xhc3Nlc11OU011dGFibGVEYXRhox0fIFZOU0RhdGFYTlNPYmplY3TSGxwiI1xOU0RpY3Rpb25hcnmiIiBfEA9OU0tleWVkQXJjaGl2ZXLRJidUcm9vdIABAAgAEQAaACMALQAyADcAQABGAE0AVQBgAGcAagBsAG4AcQBzAHUAdwCEAI4ArACxALkCXwJhAmYCcQJ6AogCjAKTApwCoQKuArECwwLGAssAAAAAAAACAQAAAAAAAAAoAAAAAAAAAAAAAAAAAAACzQ==}
		  
}

@Article{	  dennis2014,
  author	= {Dennis, Brian and Ponciano, J M},
  date-added	= {2014-08-14 22:33:47 +0000},
  date-modified	= {2014-08-14 22:34:47 +0000},
  doi		= {10.1890/13-1486.1},
  journal	= {Ecology},
  keywords	= {state-space-models},
  number	= {8},
  pages		= {2069--2076},
  title		= {Density-dependent state-space model for
		  population-abundance data with unequal time intervals},
  volume	= {95},
  year		= {2014},
  bdsk-file-1	= {YnBsaXN0MDDUAQIDBAUGJCVYJHZlcnNpb25YJG9iamVjdHNZJGFyY2hpdmVyVCR0b3ASAAGGoKgHCBMUFRYaIVUkbnVsbNMJCgsMDxJXTlMua2V5c1pOUy5vYmplY3RzViRjbGFzc6INDoACgAOiEBGABIAFgAdccmVsYXRpdmVQYXRoWWFsaWFzRGF0YV8QGC4uL1BhcGVycy9kZW5uaXMyMDE0LnBkZtIXCxgZV05TLmRhdGFPEQGWAAAAAAGWAAIAAAxNYWNpbnRvc2ggSEQAAAAAAAAAAAAAAAAAAADLI+vnSCsAAAAFc5kOZGVubmlzMjAxNC5wZGYAAAAAAAAAAAAAAAAAAAAAAAAAAAAAAAAAAAAAAAAAAAAAAAAAAAAAAAAAAAAAAAAABYJl4tASh00AAAAAAAAAAAABAAIAAAkgAAAAAAAAAAAAAAAAAAAABlBhcGVycwAQAAgAAMskXGcAAAARAAgAANAS6b0AAAABABAABXOZAAUP+AAEdssAAMAfAAIAQU1hY2ludG9zaCBIRDpVc2VyczoAc2VhbmFuZGVyc29uOgBEcm9wYm94OgBQYXBlcnM6AGRlbm5pczIwMTQucGRmAAAOAB4ADgBkAGUAbgBuAGkAcwAyADAAMQA0AC4AcABkAGYADwAaAAwATQBhAGMAaQBuAHQAbwBzAGgAIABIAEQAEgAwVXNlcnMvc2VhbmFuZGVyc29uL0Ryb3Bib3gvUGFwZXJzL2Rlbm5pczIwMTQucGRmABMAAS8AABUAAgAT//8AAIAG0hscHR5aJGNsYXNzbmFtZVgkY2xhc3Nlc11OU011dGFibGVEYXRhox0fIFZOU0RhdGFYTlNPYmplY3TSGxwiI1xOU0RpY3Rpb25hcnmiIiBfEA9OU0tleWVkQXJjaGl2ZXLRJidUcm9vdIABAAgAEQAaACMALQAyADcAQABGAE0AVQBgAGcAagBsAG4AcQBzAHUAdwCEAI4AqQCuALYCUAJSAlcCYgJrAnkCfQKEAo0CkgKfAqICtAK3ArwAAAAAAAACAQAAAAAAAAAoAAAAAAAAAAAAAAAAAAACvg==}
		  
}

@Article{	  connors2014,
  author	= {Connors, B. M. and Cooper, A. B. and Peterman, R. M. and
		  Dulvy, N. K.},
  date-added	= {2014-07-14 20:46:32 +0000},
  date-modified	= {2014-07-14 20:47:07 +0000},
  doi		= {10.1098/rspb.2013.2935},
  journal	= {Proc. R. Soc. Lond. B},
  number	= {1787},
  title		= {The false classification of extinction risk in noisy
		  environments},
  volume	= {281},
  year		= {2014},
  bdsk-file-1	= {YnBsaXN0MDDUAQIDBAUGJCVYJHZlcnNpb25YJG9iamVjdHNZJGFyY2hpdmVyVCR0b3ASAAGGoKgHCBMUFRYaIVUkbnVsbNMJCgsMDxJXTlMua2V5c1pOUy5vYmplY3RzViRjbGFzc6INDoACgAOiEBGABIAFgAdccmVsYXRpdmVQYXRoWWFsaWFzRGF0YV8QGS4uL1BhcGVycy9jb25ub3JzMjAxNC5wZGbSFwsYGVdOUy5kYXRhTxEBmgAAAAABmgACAAAMTWFjaW50b3NoIEhEAAAAAAAAAAAAAAAAAAAAyyPr50grAAAABXOZD2Nvbm5vcnMyMDE0LnBkZgAAAAAAAAAAAAAAAAAAAAAAAAAAAAAAAAAAAAAAAAAAAAAAAAAAAAAAAAAAAAAAAAWCZczP6Y+VUERGIAAAAAAAAQACAAAJIAAAAAAAAAAAAAAAAAAAAAZQYXBlcnMAEAAIAADLJFxnAAAAEQAIAADP6fIFAAAAAQAQAAVzmQAFD/gABHbLAADAHwACAEJNYWNpbnRvc2ggSEQ6VXNlcnM6AHNlYW5hbmRlcnNvbjoARHJvcGJveDoAUGFwZXJzOgBjb25ub3JzMjAxNC5wZGYADgAgAA8AYwBvAG4AbgBvAHIAcwAyADAAMQA0AC4AcABkAGYADwAaAAwATQBhAGMAaQBuAHQAbwBzAGgAIABIAEQAEgAxVXNlcnMvc2VhbmFuZGVyc29uL0Ryb3Bib3gvUGFwZXJzL2Nvbm5vcnMyMDE0LnBkZgAAEwABLwAAFQACABP//wAAgAbSGxwdHlokY2xhc3NuYW1lWCRjbGFzc2VzXU5TTXV0YWJsZURhdGGjHR8gVk5TRGF0YVhOU09iamVjdNIbHCIjXE5TRGljdGlvbmFyeaIiIF8QD05TS2V5ZWRBcmNoaXZlctEmJ1Ryb290gAEACAARABoAIwAtADIANwBAAEYATQBVAGAAZwBqAGwAbgBxAHMAdQB3AIQAjgCqAK8AtwJVAlcCXAJnAnACfgKCAokCkgKXAqQCpwK5ArwCwQAAAAAAAAIBAAAAAAAAACgAAAAAAAAAAAAAAAAAAALD}
		  
}

@Article{	  knape2012,
  author	= {Knape, Jonas and de Valpine, Perry},
  date-added	= {2014-05-15 18:48:18 +0000},
  date-modified	= {2014-05-15 18:48:42 +0000},
  doi		= {10.1111/j.1461-0248.2011.01702.x},
  journal	= {Ecol. Lett.},
  number	= {1},
  pages		= {17--23},
  title		= {Are patterns of density dependence in the {Global
		  Population Dynamics Database} driven by uncertainty about
		  population abundance?},
  volume	= {15},
  year		= {2012},
  bdsk-file-1	= {YnBsaXN0MDDUAQIDBAUGJCVYJHZlcnNpb25YJG9iamVjdHNZJGFyY2hpdmVyVCR0b3ASAAGGoKgHCBMUFRYaIVUkbnVsbNMJCgsMDxJXTlMua2V5c1pOUy5vYmplY3RzViRjbGFzc6INDoACgAOiEBGABIAFgAdccmVsYXRpdmVQYXRoWWFsaWFzRGF0YV8QFy4uL1BhcGVycy9rbmFwZTIwMTIucGRm0hcLGBlXTlMuZGF0YU8RAZIAAAAAAZIAAgAADE1hY2ludG9zaCBIRAAAAAAAAAAAAAAAAAAAAMsj6+dIKwAAAAVzmQ1rbmFwZTIwMTIucGRmAAAAAAAAAAAAAAAAAAAAAAAAAAAAAAAAAAAAAAAAAAAAAAAAAAAAAAAAAAAAAAAAAAAFgmWaz5pZ6QAAAAAAAAAAAAEAAgAACSAAAAAAAAAAAAAAAAAAAAAGUGFwZXJzABAACAAAyyRcZwAAABEACAAAz5q8WQAAAAEAEAAFc5kABQ/4AAR2ywAAwB8AAgBATWFjaW50b3NoIEhEOlVzZXJzOgBzZWFuYW5kZXJzb246AERyb3Bib3g6AFBhcGVyczoAa25hcGUyMDEyLnBkZgAOABwADQBrAG4AYQBwAGUAMgAwADEAMgAuAHAAZABmAA8AGgAMAE0AYQBjAGkAbgB0AG8AcwBoACAASABEABIAL1VzZXJzL3NlYW5hbmRlcnNvbi9Ecm9wYm94L1BhcGVycy9rbmFwZTIwMTIucGRmAAATAAEvAAAVAAIAE///AACABtIbHB0eWiRjbGFzc25hbWVYJGNsYXNzZXNdTlNNdXRhYmxlRGF0YaMdHyBWTlNEYXRhWE5TT2JqZWN00hscIiNcTlNEaWN0aW9uYXJ5oiIgXxAPTlNLZXllZEFyY2hpdmVy0SYnVHJvb3SAAQAIABEAGgAjAC0AMgA3AEAARgBNAFUAYABnAGoAbABuAHEAcwB1AHcAhACOAKgArQC1AksCTQJSAl0CZgJ0AngCfwKIAo0CmgKdAq8CsgK3AAAAAAAAAgEAAAAAAAAAKAAAAAAAAAAAAAAAAAAAArk=}
		  
}

@Article{	  dennis2006,
  annote	= {doi:
		  10.1890/0012-9615(2006)76{$[$}323:EDDPNA{$]$}2.0.CO;2},
  author	= {Dennis, Brian and Ponciano, Jos{\'e} Miguel and Lele,
		  Subhash R. and Taper, Mark L. and Staples, David F.},
  date-added	= {2014-04-24 00:04:44 +0000},
  date-modified	= {2014-04-24 00:05:54 +0000},
  doi		= {10.1890/0012-9615(2006)76{$[$}323:EDDPNA{$]$}2.0.CO;2},
  journal	= {Ecol. Monograph.},
  month		= {2014/04/23},
  number	= {3},
  pages		= {323--341},
  title		= {Estimating density dependence, process noise, and
		  observation error},
  volume	= {76},
  year		= {2006},
  bdsk-file-1	= {YnBsaXN0MDDUAQIDBAUGJCVYJHZlcnNpb25YJG9iamVjdHNZJGFyY2hpdmVyVCR0b3ASAAGGoKgHCBMUFRYaIVUkbnVsbNMJCgsMDxJXTlMua2V5c1pOUy5vYmplY3RzViRjbGFzc6INDoACgAOiEBGABIAFgAdccmVsYXRpdmVQYXRoWWFsaWFzRGF0YV8QGC4uL1BhcGVycy9kZW5uaXMyMDA2LnBkZtIXCxgZV05TLmRhdGFPEQGWAAAAAAGWAAIAAAxNYWNpbnRvc2ggSEQAAAAAAAAAAAAAAAAAAADLI+vnSCsAAAAFc5kOZGVubmlzMjAwNi5wZGYAAAAAAAAAAAAAAAAAAAAAAAAAAAAAAAAAAAAAAAAAAAAAAAAAAAAAAAAAAAAAAAAABYJlj899oqoAAAAAAAAAAAABAAIAAAkgAAAAAAAAAAAAAAAAAAAABlBhcGVycwAQAAgAAMskXGcAAAARAAgAAM9+BRoAAAABABAABXOZAAUP+AAEdssAAMAfAAIAQU1hY2ludG9zaCBIRDpVc2VyczoAc2VhbmFuZGVyc29uOgBEcm9wYm94OgBQYXBlcnM6AGRlbm5pczIwMDYucGRmAAAOAB4ADgBkAGUAbgBuAGkAcwAyADAAMAA2AC4AcABkAGYADwAaAAwATQBhAGMAaQBuAHQAbwBzAGgAIABIAEQAEgAwVXNlcnMvc2VhbmFuZGVyc29uL0Ryb3Bib3gvUGFwZXJzL2Rlbm5pczIwMDYucGRmABMAAS8AABUAAgAT//8AAIAG0hscHR5aJGNsYXNzbmFtZVgkY2xhc3Nlc11OU011dGFibGVEYXRhox0fIFZOU0RhdGFYTlNPYmplY3TSGxwiI1xOU0RpY3Rpb25hcnmiIiBfEA9OU0tleWVkQXJjaGl2ZXLRJidUcm9vdIABAAgAEQAaACMALQAyADcAQABGAE0AVQBgAGcAagBsAG4AcQBzAHUAdwCEAI4AqQCuALYCUAJSAlcCYgJrAnkCfQKEAo0CkgKfAqICtAK3ArwAAAAAAAACAQAAAAAAAAAoAAAAAAAAAAAAAAAAAAACvg==}
		  
}

@Article{	  brook2006,
  annote	= {doi:
		  10.1890/0012-9658(2006)87{$[$}1445:SOEFDD{$]$}2.0.CO;2},
  author	= {Brook, Barry W. and Bradshaw, Corey J. A.},
  date-added	= {2014-04-24 00:03:30 +0000},
  date-modified	= {2014-04-24 00:03:54 +0000},
  doi		= {10.1890/0012-9658(2006)87{$[$}1445:SOEFDD{$]$}2.0.CO;2},
  journal	= {Ecology},
  month		= {2014/04/23},
  number	= {6},
  pages		= {1445--1451},
  title		= {Strength of evidence for density dependence in abundance
		  time series of 1198 species},
  volume	= {87},
  year		= {2006},
  bdsk-file-1	= {YnBsaXN0MDDUAQIDBAUGJCVYJHZlcnNpb25YJG9iamVjdHNZJGFyY2hpdmVyVCR0b3ASAAGGoKgHCBMUFRYaIVUkbnVsbNMJCgsMDxJXTlMua2V5c1pOUy5vYmplY3RzViRjbGFzc6INDoACgAOiEBGABIAFgAdccmVsYXRpdmVQYXRoWWFsaWFzRGF0YV8QFy4uL1BhcGVycy9icm9vazIwMDYucGRm0hcLGBlXTlMuZGF0YU8RAZIAAAAAAZIAAgAADE1hY2ludG9zaCBIRAAAAAAAAAAAAAAAAAAAAMsj6+dIKwAAAAVzmQ1icm9vazIwMDYucGRmAAAAAAAAAAAAAAAAAAAAAAAAAAAAAAAAAAAAAAAAAAAAAAAAAAAAAAAAAAAAAAAAAAAFgmWQz32ixwAAAAAAAAAAAAEAAgAACSAAAAAAAAAAAAAAAAAAAAAGUGFwZXJzABAACAAAyyRcZwAAABEACAAAz34FNwAAAAEAEAAFc5kABQ/4AAR2ywAAwB8AAgBATWFjaW50b3NoIEhEOlVzZXJzOgBzZWFuYW5kZXJzb246AERyb3Bib3g6AFBhcGVyczoAYnJvb2syMDA2LnBkZgAOABwADQBiAHIAbwBvAGsAMgAwADAANgAuAHAAZABmAA8AGgAMAE0AYQBjAGkAbgB0AG8AcwBoACAASABEABIAL1VzZXJzL3NlYW5hbmRlcnNvbi9Ecm9wYm94L1BhcGVycy9icm9vazIwMDYucGRmAAATAAEvAAAVAAIAE///AACABtIbHB0eWiRjbGFzc25hbWVYJGNsYXNzZXNdTlNNdXRhYmxlRGF0YaMdHyBWTlNEYXRhWE5TT2JqZWN00hscIiNcTlNEaWN0aW9uYXJ5oiIgXxAPTlNLZXllZEFyY2hpdmVy0SYnVHJvb3SAAQAIABEAGgAjAC0AMgA3AEAARgBNAFUAYABnAGoAbABuAHEAcwB1AHcAhACOAKgArQC1AksCTQJSAl0CZgJ0AngCfwKIAo0CmgKdAq8CsgK3AAAAAAAAAgEAAAAAAAAAKAAAAAAAAAAAAAAAAAAAArk=}
		  
}

@Article{	  gaines1993,
  annote	= {doi: 10.2307/1939926},
  author	= {Gaines, Steven D. and Denny, Mark W.},
  date-added	= {2014-04-14 23:09:29 +0000},
  date-modified	= {2014-04-14 23:09:42 +0000},
  doi		= {10.2307/1939926},
  journal	= {Ecology},
  number	= {6},
  pages		= {1677--1692},
  title		= {The Largest, Smallest, Highest, Lowest, Longest, and
		  Shortest: Extremes in Ecology},
  volume	= {74},
  year		= {1993},
  bdsk-file-1	= {YnBsaXN0MDDUAQIDBAUGJCVYJHZlcnNpb25YJG9iamVjdHNZJGFyY2hpdmVyVCR0b3ASAAGGoKgHCBMUFRYaIVUkbnVsbNMJCgsMDxJXTlMua2V5c1pOUy5vYmplY3RzViRjbGFzc6INDoACgAOiEBGABIAFgAdccmVsYXRpdmVQYXRoWWFsaWFzRGF0YV8QGC4uL1BhcGVycy9nYWluZXMxOTkzLnBkZtIXCxgZV05TLmRhdGFPEQGWAAAAAAGWAAIAAAxNYWNpbnRvc2ggSEQAAAAAAAAAAAAAAAAAAADLI+vnSCsAAAAFc5kOZ2FpbmVzMTk5My5wZGYAAAAAAAAAAAAAAAAAAAAAAAAAAAAAAAAAAAAAAAAAAAAAAAAAAAAAAAAAAAAAAAAABYJlhc9xuPEAAAAAAAAAAAABAAIAAAkgAAAAAAAAAAAAAAAAAAAABlBhcGVycwAQAAgAAMskXGcAAAARAAgAAM9yG2EAAAABABAABXOZAAUP+AAEdssAAMAfAAIAQU1hY2ludG9zaCBIRDpVc2VyczoAc2VhbmFuZGVyc29uOgBEcm9wYm94OgBQYXBlcnM6AGdhaW5lczE5OTMucGRmAAAOAB4ADgBnAGEAaQBuAGUAcwAxADkAOQAzAC4AcABkAGYADwAaAAwATQBhAGMAaQBuAHQAbwBzAGgAIABIAEQAEgAwVXNlcnMvc2VhbmFuZGVyc29uL0Ryb3Bib3gvUGFwZXJzL2dhaW5lczE5OTMucGRmABMAAS8AABUAAgAT//8AAIAG0hscHR5aJGNsYXNzbmFtZVgkY2xhc3Nlc11OU011dGFibGVEYXRhox0fIFZOU0RhdGFYTlNPYmplY3TSGxwiI1xOU0RpY3Rpb25hcnmiIiBfEA9OU0tleWVkQXJjaGl2ZXLRJidUcm9vdIABAAgAEQAaACMALQAyADcAQABGAE0AVQBgAGcAagBsAG4AcQBzAHUAdwCEAI4AqQCuALYCUAJSAlcCYgJrAnkCfQKEAo0CkgKfAqICtAK3ArwAAAAAAAACAQAAAAAAAAAoAAAAAAAAAAAAAAAAAAACvg==}
		  
}

@Article{	  denny2009,
  annote	= {doi: 10.1890/08-0579.1},
  author	= {Denny, Mark W. and Hunt, Luke J. H. and Miller, Luke P.
		  and Harley, Christopher D. G.},
  date-added	= {2014-04-14 23:07:20 +0000},
  date-modified	= {2014-04-14 23:07:37 +0000},
  doi		= {10.1890/08-0579.1},
  journal	= {Ecol. Monograph.},
  number	= {3},
  pages		= {397--421},
  title		= {On the prediction of extreme ecological events},
  volume	= {79},
  year		= {2009},
  bdsk-file-1	= {YnBsaXN0MDDUAQIDBAUGJCVYJHZlcnNpb25YJG9iamVjdHNZJGFyY2hpdmVyVCR0b3ASAAGGoKgHCBMUFRYaIVUkbnVsbNMJCgsMDxJXTlMua2V5c1pOUy5vYmplY3RzViRjbGFzc6INDoACgAOiEBGABIAFgAdccmVsYXRpdmVQYXRoWWFsaWFzRGF0YV8QFy4uL1BhcGVycy9kZW5ueTIwMDkucGRm0hcLGBlXTlMuZGF0YU8RAZIAAAAAAZIAAgAADE1hY2ludG9zaCBIRAAAAAAAAAAAAAAAAAAAAMsj6+dIKwAAAAVzmQ1kZW5ueTIwMDkucGRmAAAAAAAAAAAAAAAAAAAAAAAAAAAAAAAAAAAAAAAAAAAAAAAAAAAAAAAAAAAAAAAAAAAFgmWEz3G4WQAAAAAAAAAAAAEAAgAACSAAAAAAAAAAAAAAAAAAAAAGUGFwZXJzABAACAAAyyRcZwAAABEACAAAz3IayQAAAAEAEAAFc5kABQ/4AAR2ywAAwB8AAgBATWFjaW50b3NoIEhEOlVzZXJzOgBzZWFuYW5kZXJzb246AERyb3Bib3g6AFBhcGVyczoAZGVubnkyMDA5LnBkZgAOABwADQBkAGUAbgBuAHkAMgAwADAAOQAuAHAAZABmAA8AGgAMAE0AYQBjAGkAbgB0AG8AcwBoACAASABEABIAL1VzZXJzL3NlYW5hbmRlcnNvbi9Ecm9wYm94L1BhcGVycy9kZW5ueTIwMDkucGRmAAATAAEvAAAVAAIAE///AACABtIbHB0eWiRjbGFzc25hbWVYJGNsYXNzZXNdTlNNdXRhYmxlRGF0YaMdHyBWTlNEYXRhWE5TT2JqZWN00hscIiNcTlNEaWN0aW9uYXJ5oiIgXxAPTlNLZXllZEFyY2hpdmVy0SYnVHJvb3SAAQAIABEAGgAjAC0AMgA3AEAARgBNAFUAYABnAGoAbABuAHEAcwB1AHcAhACOAKgArQC1AksCTQJSAl0CZgJ0AngCfwKIAo0CmgKdAq8CsgK3AAAAAAAAAgEAAAAAAAAAKAAAAAAAAAAAAAAAAAAAArk=}
		  
}

@Article{	  katz2005,
  annote	= {doi: 10.1890/04-0606},
  author	= {Katz, Richard W. and Brush, Grace S. and Parlange, Marc
		  B.},
  date-added	= {2014-04-14 23:01:22 +0000},
  date-modified	= {2014-04-14 23:01:51 +0000},
  doi		= {10.1890/04-0606},
  journal	= {Ecology},
  number	= {5},
  pages		= {1124--1134},
  title		= {Statistics of extremes: modelling ecological
		  disturbances},
  volume	= {86},
  year		= {2005},
  bdsk-file-1	= {YnBsaXN0MDDUAQIDBAUGJCVYJHZlcnNpb25YJG9iamVjdHNZJGFyY2hpdmVyVCR0b3ASAAGGoKgHCBMUFRYaIVUkbnVsbNMJCgsMDxJXTlMua2V5c1pOUy5vYmplY3RzViRjbGFzc6INDoACgAOiEBGABIAFgAdccmVsYXRpdmVQYXRoWWFsaWFzRGF0YV8QFi4uL1BhcGVycy9rYXR6MjAwNS5wZGbSFwsYGVdOUy5kYXRhTxEBjgAAAAABjgACAAAMTWFjaW50b3NoIEhEAAAAAAAAAAAAAAAAAAAAyyPr50grAAAABXOZDGthdHoyMDA1LnBkZgAAAAAAAAAAAAAAAAAAAAAAAAAAAAAAAAAAAAAAAAAAAAAAAAAAAAAAAAAAAAAAAAAAAAWCZYbPcbb3UERGIAAAAAAAAQACAAAJIAAAAAAAAAAAAAAAAAAAAAZQYXBlcnMAEAAIAADLJFxnAAAAEQAIAADPchlnAAAAAQAQAAVzmQAFD/gABHbLAADAHwACAD9NYWNpbnRvc2ggSEQ6VXNlcnM6AHNlYW5hbmRlcnNvbjoARHJvcGJveDoAUGFwZXJzOgBrYXR6MjAwNS5wZGYAAA4AGgAMAGsAYQB0AHoAMgAwADAANQAuAHAAZABmAA8AGgAMAE0AYQBjAGkAbgB0AG8AcwBoACAASABEABIALlVzZXJzL3NlYW5hbmRlcnNvbi9Ecm9wYm94L1BhcGVycy9rYXR6MjAwNS5wZGYAEwABLwAAFQACABP//wAAgAbSGxwdHlokY2xhc3NuYW1lWCRjbGFzc2VzXU5TTXV0YWJsZURhdGGjHR8gVk5TRGF0YVhOU09iamVjdNIbHCIjXE5TRGljdGlvbmFyeaIiIF8QD05TS2V5ZWRBcmNoaXZlctEmJ1Ryb290gAEACAARABoAIwAtADIANwBAAEYATQBVAGAAZwBqAGwAbgBxAHMAdQB3AIQAjgCnAKwAtAJGAkgCTQJYAmECbwJzAnoCgwKIApUCmAKqAq0CsgAAAAAAAAIBAAAAAAAAACgAAAAAAAAAAAAAAAAAAAK0}
		  
}

@Article{	  allen2001,
  author	= {Allen, A.P. and Li, B.-L. and Charnov, E.L.},
  date-added	= {2014-04-14 17:37:27 +0000},
  date-modified	= {2014-04-14 17:37:48 +0000},
  doi		= {10.1046/j.1461-0248.2001.00194.x},
  journal	= {Ecol. Lett.},
  keywords	= {power-law},
  number	= {1},
  pages		= {1--3},
  title		= {Population fluctuations, power laws and mixtures of
		  lognormal distributions},
  volume	= {4},
  year		= {2001},
  bdsk-file-1	= {YnBsaXN0MDDUAQIDBAUGJCVYJHZlcnNpb25YJG9iamVjdHNZJGFyY2hpdmVyVCR0b3ASAAGGoKgHCBMUFRYaIVUkbnVsbNMJCgsMDxJXTlMua2V5c1pOUy5vYmplY3RzViRjbGFzc6INDoACgAOiEBGABIAFgAdccmVsYXRpdmVQYXRoWWFsaWFzRGF0YV8QFy4uL1BhcGVycy9hbGxlbjIwMDEucGRm0hcLGBlXTlMuZGF0YU8RAZIAAAAAAZIAAgAADE1hY2ludG9zaCBIRAAAAAAAAAAAAAAAAAAAAMsj6+dIKwAAAAVzmQ1hbGxlbjIwMDEucGRmAAAAAAAAAAAAAAAAAAAAAAAAAAAAAAAAAAAAAAAAAAAAAAAAAAAAAAAAAAAAAAAAAAAFgmV7z3FrHQAAAAAAAAAAAAEAAgAACSAAAAAAAAAAAAAAAAAAAAAGUGFwZXJzABAACAAAyyRcZwAAABEACAAAz3HNjQAAAAEAEAAFc5kABQ/4AAR2ywAAwB8AAgBATWFjaW50b3NoIEhEOlVzZXJzOgBzZWFuYW5kZXJzb246AERyb3Bib3g6AFBhcGVyczoAYWxsZW4yMDAxLnBkZgAOABwADQBhAGwAbABlAG4AMgAwADAAMQAuAHAAZABmAA8AGgAMAE0AYQBjAGkAbgB0AG8AcwBoACAASABEABIAL1VzZXJzL3NlYW5hbmRlcnNvbi9Ecm9wYm94L1BhcGVycy9hbGxlbjIwMDEucGRmAAATAAEvAAAVAAIAE///AACABtIbHB0eWiRjbGFzc25hbWVYJGNsYXNzZXNdTlNNdXRhYmxlRGF0YaMdHyBWTlNEYXRhWE5TT2JqZWN00hscIiNcTlNEaWN0aW9uYXJ5oiIgXxAPTlNLZXllZEFyY2hpdmVy0SYnVHJvb3SAAQAIABEAGgAjAC0AMgA3AEAARgBNAFUAYABnAGoAbABuAHEAcwB1AHcAhACOAKgArQC1AksCTQJSAl0CZgJ0AngCfwKIAo0CmgKdAq8CsgK3AAAAAAAAAgEAAAAAAAAAKAAAAAAAAAAAAAAAAAAAArk=}
		  
}

@Article{	  keitt1998,
  annote	= {10.1038/30478},
  author	= {Keitt, Timothy H. and Stanley, H. Eugene},
  date-added	= {2014-04-14 17:30:11 +0000},
  date-modified	= {2014-04-14 17:31:13 +0000},
  doi		= {10.1038/30478},
  journal	= {Nature},
  number	= {6682},
  pages		= {257--260},
  title		= {Dynamics of {North American} breeding bird populations},
  volume	= {393},
  year		= {1998},
  bdsk-file-1	= {YnBsaXN0MDDUAQIDBAUGJCVYJHZlcnNpb25YJG9iamVjdHNZJGFyY2hpdmVyVCR0b3ASAAGGoKgHCBMUFRYaIVUkbnVsbNMJCgsMDxJXTlMua2V5c1pOUy5vYmplY3RzViRjbGFzc6INDoACgAOiEBGABIAFgAdccmVsYXRpdmVQYXRoWWFsaWFzRGF0YV8QFy4uL1BhcGVycy9rZWl0dDE5OTgucGRm0hcLGBlXTlMuZGF0YU8RAZIAAAAAAZIAAgAADE1hY2ludG9zaCBIRAAAAAAAAAAAAAAAAAAAAMsj6+dIKwAAAAVzmQ1rZWl0dDE5OTgucGRmAAAAAAAAAAAAAAAAAAAAAAAAAAAAAAAAAAAAAAAAAAAAAAAAAAAAAAAAAAAAAAAAAAAFgmV6z3FpYQAAAAAAAAAAAAEAAgAACSAAAAAAAAAAAAAAAAAAAAAGUGFwZXJzABAACAAAyyRcZwAAABEACAAAz3HL0QAAAAEAEAAFc5kABQ/4AAR2ywAAwB8AAgBATWFjaW50b3NoIEhEOlVzZXJzOgBzZWFuYW5kZXJzb246AERyb3Bib3g6AFBhcGVyczoAa2VpdHQxOTk4LnBkZgAOABwADQBrAGUAaQB0AHQAMQA5ADkAOAAuAHAAZABmAA8AGgAMAE0AYQBjAGkAbgB0AG8AcwBoACAASABEABIAL1VzZXJzL3NlYW5hbmRlcnNvbi9Ecm9wYm94L1BhcGVycy9rZWl0dDE5OTgucGRmAAATAAEvAAAVAAIAE///AACABtIbHB0eWiRjbGFzc25hbWVYJGNsYXNzZXNdTlNNdXRhYmxlRGF0YaMdHyBWTlNEYXRhWE5TT2JqZWN00hscIiNcTlNEaWN0aW9uYXJ5oiIgXxAPTlNLZXllZEFyY2hpdmVy0SYnVHJvb3SAAQAIABEAGgAjAC0AMgA3AEAARgBNAFUAYABnAGoAbABuAHEAcwB1AHcAhACOAKgArQC1AksCTQJSAl0CZgJ0AngCfwKIAo0CmgKdAq8CsgK3AAAAAAAAAgEAAAAAAAAAKAAAAAAAAAAAAAAAAAAAArk=}
		  
}

@Article{	  segura2013,
  author	= {Segura, A. M. and Calliari, D. and Fort, H. and Lan, B.
		  L.},
  date-added	= {2014-04-13 06:10:34 +0000},
  date-modified	= {2014-04-13 06:10:45 +0000},
  doi		= {10.1111/j.1600-0706.2013.00493.x},
  journal	= {Oikos},
  number	= {12},
  pages		= {1739--1745},
  title		= {Fat tails in marine microbial population fluctuations},
  volume	= {122},
  year		= {2013},
  bdsk-file-1	= {YnBsaXN0MDDUAQIDBAUGJCVYJHZlcnNpb25YJG9iamVjdHNZJGFyY2hpdmVyVCR0b3ASAAGGoKgHCBMUFRYaIVUkbnVsbNMJCgsMDxJXTlMua2V5c1pOUy5vYmplY3RzViRjbGFzc6INDoACgAOiEBGABIAFgAdccmVsYXRpdmVQYXRoWWFsaWFzRGF0YV8QGC4uL1BhcGVycy9zZWd1cmEyMDEzLnBkZtIXCxgZV05TLmRhdGFPEQGWAAAAAAGWAAIAAAxNYWNpbnRvc2ggSEQAAAAAAAAAAAAAAAAAAADLI+vnSCsAAAAFc5kOc2VndXJhMjAxMy5wZGYAAAAAAAAAAAAAAAAAAAAAAAAAAAAAAAAAAAAAAAAAAAAAAAAAAAAAAAAAAAAAAAAABYJleM9veFMAAAAAAAAAAAABAAIAAAkgAAAAAAAAAAAAAAAAAAAABlBhcGVycwAQAAgAAMskXGcAAAARAAgAAM9v2sMAAAABABAABXOZAAUP+AAEdssAAMAfAAIAQU1hY2ludG9zaCBIRDpVc2VyczoAc2VhbmFuZGVyc29uOgBEcm9wYm94OgBQYXBlcnM6AHNlZ3VyYTIwMTMucGRmAAAOAB4ADgBzAGUAZwB1AHIAYQAyADAAMQAzAC4AcABkAGYADwAaAAwATQBhAGMAaQBuAHQAbwBzAGgAIABIAEQAEgAwVXNlcnMvc2VhbmFuZGVyc29uL0Ryb3Bib3gvUGFwZXJzL3NlZ3VyYTIwMTMucGRmABMAAS8AABUAAgAT//8AAIAG0hscHR5aJGNsYXNzbmFtZVgkY2xhc3Nlc11OU011dGFibGVEYXRhox0fIFZOU0RhdGFYTlNPYmplY3TSGxwiI1xOU0RpY3Rpb25hcnmiIiBfEA9OU0tleWVkQXJjaGl2ZXLRJidUcm9vdIABAAgAEQAaACMALQAyADcAQABGAE0AVQBgAGcAagBsAG4AcQBzAHUAdwCEAI4AqQCuALYCUAJSAlcCYgJrAnkCfQKEAo0CkgKfAqICtAK3ArwAAAAAAAACAQAAAAAAAAAoAAAAAAAAAAAAAAAAAAACvg==}
		  
}

@Article{	  halley2002,
  author	= {Halley, John and Inchausti, Pablo},
  date-added	= {2014-04-13 06:00:32 +0000},
  date-modified	= {2014-04-13 06:00:43 +0000},
  doi		= {10.1034/j.1600-0706.2002.11962.x},
  journal	= {Oikos},
  number	= {3},
  pages		= {518--530},
  title		= {Lognormality in ecological time series},
  volume	= {99},
  year		= {2002},
  bdsk-file-1	= {YnBsaXN0MDDUAQIDBAUGJCVYJHZlcnNpb25YJG9iamVjdHNZJGFyY2hpdmVyVCR0b3ASAAGGoKgHCBMUFRYaIVUkbnVsbNMJCgsMDxJXTlMua2V5c1pOUy5vYmplY3RzViRjbGFzc6INDoACgAOiEBGABIAFgAdccmVsYXRpdmVQYXRoWWFsaWFzRGF0YV8QGC4uL1BhcGVycy9oYWxsZXkyMDAyLnBkZtIXCxgZV05TLmRhdGFPEQGWAAAAAAGWAAIAAAxNYWNpbnRvc2ggSEQAAAAAAAAAAAAAAAAAAADLI+vnSCsAAAAFc5kOaGFsbGV5MjAwMi5wZGYAAAAAAAAAAAAAAAAAAAAAAAAAAAAAAAAAAAAAAAAAAAAAAAAAAAAAAAAAAAAAAAAABYJmF89vdf1QREYgAAAAAAABAAIAAAkgAAAAAAAAAAAAAAAAAAAABlBhcGVycwAQAAgAAMskXGcAAAARAAgAAM9v2G0AAAABABAABXOZAAUP+AAEdssAAMAfAAIAQU1hY2ludG9zaCBIRDpVc2VyczoAc2VhbmFuZGVyc29uOgBEcm9wYm94OgBQYXBlcnM6AGhhbGxleTIwMDIucGRmAAAOAB4ADgBoAGEAbABsAGUAeQAyADAAMAAyAC4AcABkAGYADwAaAAwATQBhAGMAaQBuAHQAbwBzAGgAIABIAEQAEgAwVXNlcnMvc2VhbmFuZGVyc29uL0Ryb3Bib3gvUGFwZXJzL2hhbGxleTIwMDIucGRmABMAAS8AABUAAgAT//8AAIAG0hscHR5aJGNsYXNzbmFtZVgkY2xhc3Nlc11OU011dGFibGVEYXRhox0fIFZOU0RhdGFYTlNPYmplY3TSGxwiI1xOU0RpY3Rpb25hcnmiIiBfEA9OU0tleWVkQXJjaGl2ZXLRJidUcm9vdIABAAgAEQAaACMALQAyADcAQABGAE0AVQBgAGcAagBsAG4AcQBzAHUAdwCEAI4AqQCuALYCUAJSAlcCYgJrAnkCfQKEAo0CkgKfAqICtAK3ArwAAAAAAAACAQAAAAAAAAAoAAAAAAAAAAAAAAAAAAACvg==}
		  
}

@Book{		  taleb2007,
  author	= {Taleb, Nassim Nicholas},
  date-added	= {2014-04-10 20:47:02 +0000},
  date-modified	= {2014-04-10 20:48:16 +0000},
  publisher	= {Random House},
  title		= {The Black Swan: The Impact of the Highly Improbable},
  year		= {2007}
}

@Article{	  sornette2009,
  author	= {Didier Sornette},
  date-added	= {2014-04-10 20:42:07 +0000},
  date-modified	= {2014-04-10 20:45:29 +0000},
  journal	= {International Journal of Terraspace Science and
		  Engineering},
  number	= {1},
  pages		= {1--18},
  title		= {Dragon-Kings, Black Swans and the Prediction of Crises},
  volume	= {2},
  year		= {2009},
  bdsk-file-1	= {YnBsaXN0MDDUAQIDBAUGJCVYJHZlcnNpb25YJG9iamVjdHNZJGFyY2hpdmVyVCR0b3ASAAGGoKgHCBMUFRYaIVUkbnVsbNMJCgsMDxJXTlMua2V5c1pOUy5vYmplY3RzViRjbGFzc6INDoACgAOiEBGABIAFgAdccmVsYXRpdmVQYXRoWWFsaWFzRGF0YV8QGi4uL1BhcGVycy9zb3JuZXR0ZTIwMDkucGRm0hcLGBlXTlMuZGF0YU8RAZ4AAAAAAZ4AAgAADE1hY2ludG9zaCBIRAAAAAAAAAAAAAAAAAAAAMsj6+dIKwAAAAVzmRBzb3JuZXR0ZTIwMDkucGRmAAAAAAAAAAAAAAAAAAAAAAAAAAAAAAAAAAAAAAAAAAAAAAAAAAAAAAAAAAAAAAAFgmV3z2xQIgAAAAAAAAAAAAEAAgAACSAAAAAAAAAAAAAAAAAAAAAGUGFwZXJzABAACAAAyyRcZwAAABEACAAAz2yykgAAAAEAEAAFc5kABQ/4AAR2ywAAwB8AAgBDTWFjaW50b3NoIEhEOlVzZXJzOgBzZWFuYW5kZXJzb246AERyb3Bib3g6AFBhcGVyczoAc29ybmV0dGUyMDA5LnBkZgAADgAiABAAcwBvAHIAbgBlAHQAdABlADIAMAAwADkALgBwAGQAZgAPABoADABNAGEAYwBpAG4AdABvAHMAaAAgAEgARAASADJVc2Vycy9zZWFuYW5kZXJzb24vRHJvcGJveC9QYXBlcnMvc29ybmV0dGUyMDA5LnBkZgATAAEvAAAVAAIAE///AACABtIbHB0eWiRjbGFzc25hbWVYJGNsYXNzZXNdTlNNdXRhYmxlRGF0YaMdHyBWTlNEYXRhWE5TT2JqZWN00hscIiNcTlNEaWN0aW9uYXJ5oiIgXxAPTlNLZXllZEFyY2hpdmVy0SYnVHJvb3SAAQAIABEAGgAjAC0AMgA3AEAARgBNAFUAYABnAGoAbABuAHEAcwB1AHcAhACOAKsAsAC4AloCXAJhAmwCdQKDAocCjgKXApwCqQKsAr4CwQLGAAAAAAAAAgEAAAAAAAAAKAAAAAAAAAAAAAAAAAAAAsg=}
		  
}

@Article{	  nunez2012,
  author	= {M A Nu{\~n}ez AND R Logares},
  date-added	= {2014-04-03 21:54:12 +0000},
  date-modified	= {2014-04-03 21:56:04 +0000},
  journal	= {Ideas in Ecology and Evolution},
  pages		= {16--21},
  title		= {{Black Swans} in ecology and evolution: the importance of
		  improbable but highly influential events},
  volume	= {5},
  year		= {2012},
  bdsk-file-1	= {YnBsaXN0MDDUAQIDBAUGJCVYJHZlcnNpb25YJG9iamVjdHNZJGFyY2hpdmVyVCR0b3ASAAGGoKgHCBMUFRYaIVUkbnVsbNMJCgsMDxJXTlMua2V5c1pOUy5vYmplY3RzViRjbGFzc6INDoACgAOiEBGABIAFgAdccmVsYXRpdmVQYXRoWWFsaWFzRGF0YV8QFy4uL1BhcGVycy9udW5lejIwMTIucGRm0hcLGBlXTlMuZGF0YU8RAZIAAAAAAZIAAgAADE1hY2ludG9zaCBIRAAAAAAAAAAAAAAAAAAAAMsj6+dIKwAAAAVzmQ1udW5lejIwMTIucGRmAAAAAAAAAAAAAAAAAAAAAAAAAAAAAAAAAAAAAAAAAAAAAAAAAAAAAAAAAAAAAAAAAAAFgmV2z2xPcwAAAAAAAAAAAAEAAgAACSAAAAAAAAAAAAAAAAAAAAAGUGFwZXJzABAACAAAyyRcZwAAABEACAAAz2yx4wAAAAEAEAAFc5kABQ/4AAR2ywAAwB8AAgBATWFjaW50b3NoIEhEOlVzZXJzOgBzZWFuYW5kZXJzb246AERyb3Bib3g6AFBhcGVyczoAbnVuZXoyMDEyLnBkZgAOABwADQBuAHUAbgBlAHoAMgAwADEAMgAuAHAAZABmAA8AGgAMAE0AYQBjAGkAbgB0AG8AcwBoACAASABEABIAL1VzZXJzL3NlYW5hbmRlcnNvbi9Ecm9wYm94L1BhcGVycy9udW5lejIwMTIucGRmAAATAAEvAAAVAAIAE///AACABtIbHB0eWiRjbGFzc25hbWVYJGNsYXNzZXNdTlNNdXRhYmxlRGF0YaMdHyBWTlNEYXRhWE5TT2JqZWN00hscIiNcTlNEaWN0aW9uYXJ5oiIgXxAPTlNLZXllZEFyY2hpdmVy0SYnVHJvb3SAAQAIABEAGgAjAC0AMgA3AEAARgBNAFUAYABnAGoAbABuAHEAcwB1AHcAhACOAKgArQC1AksCTQJSAl0CZgJ0AngCfwKIAo0CmgKdAq8CsgK3AAAAAAAAAgEAAAAAAAAAKAAAAAAAAAAAAAAAAAAAArk=}
		  
}

@Book{		  gelman2014,
  address	= {Boca Raton, FL},
  author	= {Andrew Gelman AND John B Carlin AND H S Stern AND D B
		  Dunson AND Aki Vehtari AND D B Rubin},
  date-added	= {2014-03-26 19:44:43 +0000},
  date-modified	= {2014-11-25 02:09:10 +0000},
  editor	= {Third edition},
  publisher	= {Chapman {\&} Hall},
  title		= {Bayesian Data Analysis},
  year		= {2014}
}

@Article{	  gelman2006c,
  author	= {Andrew Gelman},
  date-added	= {2014-03-26 19:23:51 +0000},
  date-modified	= {2014-03-26 19:25:15 +0000},
  journal	= {Bayesian Analysis},
  number	= {3},
  pages		= {515--533},
  title		= {Prior distributions on variance parameters in hierarchical
		  models},
  volume	= {1},
  year		= {2006},
  bdsk-file-1	= {YnBsaXN0MDDUAQIDBAUGJCVYJHZlcnNpb25YJG9iamVjdHNZJGFyY2hpdmVyVCR0b3ASAAGGoKgHCBMUFRYaIVUkbnVsbNMJCgsMDxJXTlMua2V5c1pOUy5vYmplY3RzViRjbGFzc6INDoACgAOiEBGABIAFgAdccmVsYXRpdmVQYXRoWWFsaWFzRGF0YV8QGS4uL1BhcGVycy9nZWxtYW4yMDA2MC5wZGbSFwsYGVdOUy5kYXRhTxEBmgAAAAABmgACAAAMTWFjaW50b3NoIEhEAAAAAAAAAAAAAAAAAAAAyyPr50grAAAABXOZD2dlbG1hbjIwMDYwLnBkZgAAAAAAAAAAAAAAAAAAAAAAAAAAAAAAAAAAAAAAAAAAAAAAAAAAAAAAAAAAAAAAAAWCZWnPWHdOAAAAAAAAAAAAAQACAAAJIAAAAAAAAAAAAAAAAAAAAAZQYXBlcnMAEAAIAADLJFxnAAAAEQAIAADPWNm+AAAAAQAQAAVzmQAFD/gABHbLAADAHwACAEJNYWNpbnRvc2ggSEQ6VXNlcnM6AHNlYW5hbmRlcnNvbjoARHJvcGJveDoAUGFwZXJzOgBnZWxtYW4yMDA2MC5wZGYADgAgAA8AZwBlAGwAbQBhAG4AMgAwADAANgAwAC4AcABkAGYADwAaAAwATQBhAGMAaQBuAHQAbwBzAGgAIABIAEQAEgAxVXNlcnMvc2VhbmFuZGVyc29uL0Ryb3Bib3gvUGFwZXJzL2dlbG1hbjIwMDYwLnBkZgAAEwABLwAAFQACABP//wAAgAbSGxwdHlokY2xhc3NuYW1lWCRjbGFzc2VzXU5TTXV0YWJsZURhdGGjHR8gVk5TRGF0YVhOU09iamVjdNIbHCIjXE5TRGljdGlvbmFyeaIiIF8QD05TS2V5ZWRBcmNoaXZlctEmJ1Ryb290gAEACAARABoAIwAtADIANwBAAEYATQBVAGAAZwBqAGwAbgBxAHMAdQB3AIQAjgCqAK8AtwJVAlcCXAJnAnACfgKCAokCkgKXAqQCpwK5ArwCwQAAAAAAAAIBAAAAAAAAACgAAAAAAAAAAAAAAAAAAALD}
		  
}

@Article{	  harnik2012,
  author	= {Paul G. Harnik and Heike K. Lotze and Sean C. Anderson and
		  Zoe V. Finkel and Seth Finnegan and David R. Lindberg and
		  Lee Hsiang Liow and Rowan Lockwood and Craig R. McClain and
		  Jenny L. McGuire and Aaron O'Dea and John M. Pandolfi and
		  Carl Simpson and Derek P. Tittensor},
  date-added	= {2014-03-17 23:23:12 +0000},
  date-modified	= {2014-03-17 23:23:31 +0000},
  journal	= {Trends Ecol. Evolut.},
  number	= {11},
  pages		= {608--617},
  title		= {Extinctions in ancient and modern seas},
  volume	= {27},
  year		= {2012},
  bdsk-file-1	= {YnBsaXN0MDDUAQIDBAUGJCVYJHZlcnNpb25YJG9iamVjdHNZJGFyY2hpdmVyVCR0b3ASAAGGoKgHCBMUFRYaIVUkbnVsbNMJCgsMDxJXTlMua2V5c1pOUy5vYmplY3RzViRjbGFzc6INDoACgAOiEBGABIAFgAdccmVsYXRpdmVQYXRoWWFsaWFzRGF0YV8QGC4uL1BhcGVycy9oYXJuaWsyMDEyLnBkZtIXCxgZV05TLmRhdGFPEQGWAAAAAAGWAAIAAAxNYWNpbnRvc2ggSEQAAAAAAAAAAAAAAAAAAADLI+vnSCsAAAAFc5kOaGFybmlrMjAxMi5wZGYAAAAAAAAAAAAAAAAAAAAAAAAAAAAAAAAAAAAAAAAAAAAAAAAAAAAAAAAAAAAAAAAABYJlYM9M0eAAAAAAAAAAAAABAAIAAAkgAAAAAAAAAAAAAAAAAAAABlBhcGVycwAQAAgAAMskXGcAAAARAAgAAM9NNFAAAAABABAABXOZAAUP+AAEdssAAMAfAAIAQU1hY2ludG9zaCBIRDpVc2VyczoAc2VhbmFuZGVyc29uOgBEcm9wYm94OgBQYXBlcnM6AGhhcm5pazIwMTIucGRmAAAOAB4ADgBoAGEAcgBuAGkAawAyADAAMQAyAC4AcABkAGYADwAaAAwATQBhAGMAaQBuAHQAbwBzAGgAIABIAEQAEgAwVXNlcnMvc2VhbmFuZGVyc29uL0Ryb3Bib3gvUGFwZXJzL2hhcm5pazIwMTIucGRmABMAAS8AABUAAgAT//8AAIAG0hscHR5aJGNsYXNzbmFtZVgkY2xhc3Nlc11OU011dGFibGVEYXRhox0fIFZOU0RhdGFYTlNPYmplY3TSGxwiI1xOU0RpY3Rpb25hcnmiIiBfEA9OU0tleWVkQXJjaGl2ZXLRJidUcm9vdIABAAgAEQAaACMALQAyADcAQABGAE0AVQBgAGcAagBsAG4AcQBzAHUAdwCEAI4AqQCuALYCUAJSAlcCYgJrAnkCfQKEAo0CkgKfAqICtAK3ArwAAAAAAAACAQAAAAAAAAAoAAAAAAAAAAAAAAAAAAACvg==}
		  
}

@Article{	  drake2014,
  author	= {Drake, John M.},
  date-added	= {2014-02-09 20:37:18 +0000},
  date-modified	= {2014-11-04 20:27:52 +0000},
  doi		= {10.1890/13-1107.1},
  journal	= {Ecology},
  keywords	= {black-swans, extinction-risk},
  pages		= {1119--1126},
  title		= {Tail probabilities of extinction time in a large number of
		  experimental populations},
  volume	= {95},
  year		= {2014},
  bdsk-file-1	= {YnBsaXN0MDDUAQIDBAUGJCVYJHZlcnNpb25YJG9iamVjdHNZJGFyY2hpdmVyVCR0b3ASAAGGoKgHCBMUFRYaIVUkbnVsbNMJCgsMDxJXTlMua2V5c1pOUy5vYmplY3RzViRjbGFzc6INDoACgAOiEBGABIAFgAdccmVsYXRpdmVQYXRoWWFsaWFzRGF0YV8QFy4uL1BhcGVycy9kcmFrZTIwMTQucGRm0hcLGBlXTlMuZGF0YU8RAZIAAAAAAZIAAgAADE1hY2ludG9zaCBIRAAAAAAAAAAAAAAAAAAAAMsj6+dIKwAAAAVzmQ1kcmFrZTIwMTQucGRmAAAAAAAAAAAAAAAAAAAAAAAAAAAAAAAAAAAAAAAAAAAAAAAAAAAAAAAAAAAAAAAAAAAFgmVPzyDqzgAAAAAAAAAAAAEAAgAACSAAAAAAAAAAAAAAAAAAAAAGUGFwZXJzABAACAAAyyRcZwAAABEACAAAzyFbTgAAAAEAEAAFc5kABQ/4AAR2ywAAwB8AAgBATWFjaW50b3NoIEhEOlVzZXJzOgBzZWFuYW5kZXJzb246AERyb3Bib3g6AFBhcGVyczoAZHJha2UyMDE0LnBkZgAOABwADQBkAHIAYQBrAGUAMgAwADEANAAuAHAAZABmAA8AGgAMAE0AYQBjAGkAbgB0AG8AcwBoACAASABEABIAL1VzZXJzL3NlYW5hbmRlcnNvbi9Ecm9wYm94L1BhcGVycy9kcmFrZTIwMTQucGRmAAATAAEvAAAVAAIAE///AACABtIbHB0eWiRjbGFzc25hbWVYJGNsYXNzZXNdTlNNdXRhYmxlRGF0YaMdHyBWTlNEYXRhWE5TT2JqZWN00hscIiNcTlNEaWN0aW9uYXJ5oiIgXxAPTlNLZXllZEFyY2hpdmVy0SYnVHJvb3SAAQAIABEAGgAjAC0AMgA3AEAARgBNAFUAYABnAGoAbABuAHEAcwB1AHcAhACOAKgArQC1AksCTQJSAl0CZgJ0AngCfwKIAo0CmgKdAq8CsgK3AAAAAAAAAgEAAAAAAAAAKAAAAAAAAAAAAAAAAAAAArk=}
		  
}

@Article{	  anderson2014,
  author	= {S C Anderson and J W Moore and M M McClure and N K Dulvy
		  and A B Cooper},
  date-added	= {2013-12-14 02:07:04 +0000},
  date-modified	= {2014-09-05 22:12:44 +0000},
  journal	= {Ecol. Appl.},
  title		= {Portfolio conservation of metapopulations under climate
		  change},
  volume	= {In press. DOI: 10.1890/14-0266.1},
  year		= {2014}
}

@Article{	  thompson2013,
  annote	= {* Highlight, page 1 Future climates are likely to include
		  extreme events which have greater impacts on ecological
		  systems than changes in means alone.
		  
		  * Highlight, page 1 The majority of studies have failed to
		  incorporate extreme events.
		  
		  * Highlight, page 1 We pro- pose a new `generation' of
		  climate change experiments using down-scaled climate models
		  which incorpo- rate predicted changes in climatic
		  variability, and describe a process for generating data
		  which can be applied as experimental climate change
		  treatments.
		  
		  * Highlight, page 6 The majority of studies have
		  concentrated on increases in mean temperatures, but there
		  is an increasing awareness that extreme cli- matic events
		  are likely to be the dominant force structuring ecologi-
		  cal communities (Lloret et al. 2012).
		  
		  * Highlight, page 6 This may effectively mimic effects of
		  climate change on mean temperatures, but does not
		  incorporate predicted changes in the frequency, intensity,
		  and dura- tion of extreme events.
		  
		  },
  author	= {Thompson, Ross M. and Beardall, John and Beringer, Jason
		  and Grace, Mike and Sardina, Paula},
  date-added	= {2013-10-28 20:39:58 +0000},
  date-modified	= {2014-02-11 06:06:05 +0000},
  doi		= {10.1111/ele.12095},
  journal	= {Ecol. Lett.},
  keywords	= {thermal-tolerance; black-swans; climate-change;
		  climate-variability; climate-simulation},
  number	= {6},
  pages		= {799--806},
  title		= {Means and extremes: building variability into
		  community-level climate change experiments},
  volume	= {16},
  year		= {2013},
  bdsk-file-1	= {YnBsaXN0MDDUAQIDBAUGJCVYJHZlcnNpb25YJG9iamVjdHNZJGFyY2hpdmVyVCR0b3ASAAGGoKgHCBMUFRYaIVUkbnVsbNMJCgsMDxJXTlMua2V5c1pOUy5vYmplY3RzViRjbGFzc6INDoACgAOiEBGABIAFgAdccmVsYXRpdmVQYXRoWWFsaWFzRGF0YV8QGi4uL1BhcGVycy90aG9tcHNvbjIwMTMucGRm0hcLGBlXTlMuZGF0YU8RAZ4AAAAAAZ4AAgAADE1hY2ludG9zaCBIRAAAAAAAAAAAAAAAAAAAAMsj6+dIKwAAAAVzmRB0aG9tcHNvbjIwMTMucGRmAAAAAAAAAAAAAAAAAAAAAAAAAAAAAAAAAAAAAAAAAAAAAAAAAAAAAAAAAAAAAAAFgmVGzpQZ0lBERiAAAAAAAAEAAgAACSAAAAAAAAAAAAAAAAAAAAAGUGFwZXJzABAACAAAyyRcZwAAABEACAAAzpR8QgAAAAEAEAAFc5kABQ/4AAR2ywAAwB8AAgBDTWFjaW50b3NoIEhEOlVzZXJzOgBzZWFuYW5kZXJzb246AERyb3Bib3g6AFBhcGVyczoAdGhvbXBzb24yMDEzLnBkZgAADgAiABAAdABoAG8AbQBwAHMAbwBuADIAMAAxADMALgBwAGQAZgAPABoADABNAGEAYwBpAG4AdABvAHMAaAAgAEgARAASADJVc2Vycy9zZWFuYW5kZXJzb24vRHJvcGJveC9QYXBlcnMvdGhvbXBzb24yMDEzLnBkZgATAAEvAAAVAAIAE///AACABtIbHB0eWiRjbGFzc25hbWVYJGNsYXNzZXNdTlNNdXRhYmxlRGF0YaMdHyBWTlNEYXRhWE5TT2JqZWN00hscIiNcTlNEaWN0aW9uYXJ5oiIgXxAPTlNLZXllZEFyY2hpdmVy0SYnVHJvb3SAAQAIABEAGgAjAC0AMgA3AEAARgBNAFUAYABnAGoAbABuAHEAcwB1AHcAhACOAKsAsAC4AloCXAJhAmwCdQKDAocCjgKXApwCqQKsAr4CwQLGAAAAAAAAAgEAAAAAAAAAKAAAAAAAAAAAAAAAAAAAAsg=}
		  
}

@Article{	  pine-iii2009,
  abstract	= {Observed ecosystem responses to fisheries management
		  experiments have often been either much smaller or in the
		  opposite direction of the expected responses based on
		  experience or population models. Examples of these
		  responses can be found even for some very simple
		  experimental management manipulations such as predator and
		  prey manipulations in small lakes and ponds to fish
		  population responses to harvest closures. Such counter-
		  intuitive prediction failures offer opportunities to
		  identify key processes and variables that are not widely
		  considered in models used to evaluate ecosystem- based
		  fisheries management policies. A common denominator in the
		  case histories presented are unexpected behavioral
		  responses and strong changes in juvenile survival rates of
		  fish driven by changes in competition, predation, and
		  behavioral responses to predation risk. These factors
		  restructured many of the ecosystems in our simple examples,
		  yet are not widely included in models currently used to
		  evaluate ecosystem-based fisheries management policies.
		  This represents a critical need in the development of
		  modeling tools to evaluate ecosystem-based policies based
		  on an iterative process of model building and model
		  testing, using fisheries management actions as probing
		  tools to learn more about the ecosystems being managed.},
  author	= {Pine III, W E AND Martell, S J D AND Walters, C J AND
		  Kitchell, J F},
  date-added	= {2012-04-12 22:24:43 +0000},
  date-modified	= {2013-05-28 02:51:28 +0000},
  journal	= {Fisheries},
  keywords	= {black-swans},
  number	= {4},
  pages		= {165--180},
  title		= {Counterintuitive responses of fish populations to
		  management actions: some common causes and implications for
		  predictions based on ecosystem modeling},
  volume	= {34},
  year		= {2009},
  bdsk-file-1	= {YnBsaXN0MDDUAQIDBAUGJCVYJHZlcnNpb25YJG9iamVjdHNZJGFyY2hpdmVyVCR0b3ASAAGGoKgHCBMUFRYaIVUkbnVsbNMJCgsMDxJXTlMua2V5c1pOUy5vYmplY3RzViRjbGFzc6INDoACgAOiEBGABIAFgAdccmVsYXRpdmVQYXRoWWFsaWFzRGF0YV8QGi4uL1BhcGVycy9waW5lLWlpaTIwMDkucGRm0hcLGBlXTlMuZGF0YU8RAZ4AAAAAAZ4AAgAADE1hY2ludG9zaCBIRAAAAAAAAAAAAAAAAAAAAMsj6+dIKwAAAAVzmRBwaW5lLWlpaTIwMDkucGRmAAAAAAAAAAAAAAAAAAAAAAAAAAAAAAAAAAAAAAAAAAAAAAAAAAAAAAAAAAAAAAAFgmOby6ykMlBERiAAAAAAAAEAAgAACSAAAAAAAAAAAAAAAAAAAAAGUGFwZXJzABAACAAAyyRcZwAAABEACAAAy60GogAAAAEAEAAFc5kABQ/4AAR2ywAAwB8AAgBDTWFjaW50b3NoIEhEOlVzZXJzOgBzZWFuYW5kZXJzb246AERyb3Bib3g6AFBhcGVyczoAcGluZS1paWkyMDA5LnBkZgAADgAiABAAcABpAG4AZQAtAGkAaQBpADIAMAAwADkALgBwAGQAZgAPABoADABNAGEAYwBpAG4AdABvAHMAaAAgAEgARAASADJVc2Vycy9zZWFuYW5kZXJzb24vRHJvcGJveC9QYXBlcnMvcGluZS1paWkyMDA5LnBkZgATAAEvAAAVAAIAE///AACABtIbHB0eWiRjbGFzc25hbWVYJGNsYXNzZXNdTlNNdXRhYmxlRGF0YaMdHyBWTlNEYXRhWE5TT2JqZWN00hscIiNcTlNEaWN0aW9uYXJ5oiIgXxAPTlNLZXllZEFyY2hpdmVy0SYnVHJvb3SAAQAIABEAGgAjAC0AMgA3AEAARgBNAFUAYABnAGoAbABuAHEAcwB1AHcAhACOAKsAsAC4AloCXAJhAmwCdQKDAocCjgKXApwCqQKsAr4CwQLGAAAAAAAAAgEAAAAAAAAAKAAAAAAAAAAAAAAAAAAAAsg=}
		  
}

@Book{		  loreau2010a,
  address	= {Princeton, NJ},
  author	= {Michel Loreau},
  date-added	= {2012-02-15 19:37:16 +0000},
  date-modified	= {2013-11-09 19:25:13 +0000},
  publisher	= {Princeton University Press},
  title		= {From Populations to Ecosystems: Theoretical Foundations
		  for a New Ecological Synthesis},
  year		= {2010},
  bdsk-file-1	= {YnBsaXN0MDDUAQIDBAUGJCVYJHZlcnNpb25YJG9iamVjdHNZJGFyY2hpdmVyVCR0b3ASAAGGoKgHCBMUFRYaIVUkbnVsbNMJCgsMDxJXTlMua2V5c1pOUy5vYmplY3RzViRjbGFzc6INDoACgAOiEBGABIAFgAdccmVsYXRpdmVQYXRoWWFsaWFzRGF0YV8QGS4uL1BhcGVycy9sb3JlYXUyMDEwYS5wZGbSFwsYGVdOUy5kYXRhTxEBmgAAAAABmgACAAAMTWFjaW50b3NoIEhEAAAAAAAAAAAAAAAAAAAAyyPr50grAAAABXOZD2xvcmVhdTIwMTBhLnBkZgAAAAAAAAAAAAAAAAAAAAAAAAAAAAAAAAAAAAAAAAAAAAAAAAAAAAAAAAAAAAAAAAWCY4HLYUlmAAAAAAAAAAAAAQACAAAJIAAAAAAAAAAAAAAAAAAAAAZQYXBlcnMAEAAIAADLJFxnAAAAEQAIAADLYbnmAAAAAQAQAAVzmQAFD/gABHbLAADAHwACAEJNYWNpbnRvc2ggSEQ6VXNlcnM6AHNlYW5hbmRlcnNvbjoARHJvcGJveDoAUGFwZXJzOgBsb3JlYXUyMDEwYS5wZGYADgAgAA8AbABvAHIAZQBhAHUAMgAwADEAMABhAC4AcABkAGYADwAaAAwATQBhAGMAaQBuAHQAbwBzAGgAIABIAEQAEgAxVXNlcnMvc2VhbmFuZGVyc29uL0Ryb3Bib3gvUGFwZXJzL2xvcmVhdTIwMTBhLnBkZgAAEwABLwAAFQACABP//wAAgAbSGxwdHlokY2xhc3NuYW1lWCRjbGFzc2VzXU5TTXV0YWJsZURhdGGjHR8gVk5TRGF0YVhOU09iamVjdNIbHCIjXE5TRGljdGlvbmFyeaIiIF8QD05TS2V5ZWRBcmNoaXZlctEmJ1Ryb290gAEACAARABoAIwAtADIANwBAAEYATQBVAGAAZwBqAGwAbgBxAHMAdQB3AIQAjgCqAK8AtwJVAlcCXAJnAnACfgKCAokCkgKXAqQCpwK5ArwCwQAAAAAAAAIBAAAAAAAAACgAAAAAAAAAAAAAAAAAAALD}
		  
}

@Article{	  doak2008,
  abstract	= {Ecological surprises, substantial and unanticipated
		  changes in the abundance of one or more species that result
		  from previously unsuspected processes, are a common outcome
		  of both experiments and observations in community and
		  population ecology. Here, we give examples of such
		  surprises along with the results of a survey of
		  well-established field ecologists, most of whom have
		  encountered one or more surprises over the course of their
		  careers. Truly surprising results are common enough to
		  require their consideration in any reasonable effort to
		  characterize nature and manage natural resources. We
		  classify surprises as dynamic-, pattern-, or
		  intervention-based, and we speculate on the common
		  processes that cause ecological systems to so often
		  surprise us. A long-standing and still growing concern in
		  the ecological literature is how best to make predictions
		  of future population and community dynamics. Although most
		  work on this subject involves statistical aspects of data
		  analysis and modeling, the frequency and nature of
		  ecological surprises imply that uncertainty cannot be
		  easily tamed through improved analytical procedures, and
		  that prudent management of both exploited and conserved
		  communities will require precautionary and adaptive
		  management approaches.},
  author	= {Doak, Daniel F. and Estes, James A. and Halpern, Benjamin
		  S. and Jacob, Ute and Lindberg, David R. and Lovvorn, James
		  and Monson, Daniel H. and Tinker, M. Timothy and Williams,
		  Terrie M. and Wootton, J. Timothy and Carroll, Ian and
		  Emmerson, Mark and Micheli, Fiorenza and Novak, Mark},
  date-added	= {2012-01-10 03:40:51 +0000},
  date-modified	= {2014-11-17 20:45:16 +0000},
  doi		= {10.1890/07-0965.1},
  journal	= {Ecology},
  keywords	= {black-swans, , uncertainty, risk, great-papers},
  number	= {4},
  pages		= {952--961},
  title		= {Understanding and Predicting Ecological Dynamics: are
		  Major Surprises Inevitable?},
  volume	= {89},
  year		= {2008},
  bdsk-file-1	= {YnBsaXN0MDDUAQIDBAUGJCVYJHZlcnNpb25YJG9iamVjdHNZJGFyY2hpdmVyVCR0b3ASAAGGoKgHCBMUFRYaIVUkbnVsbNMJCgsMDxJXTlMua2V5c1pOUy5vYmplY3RzViRjbGFzc6INDoACgAOiEBGABIAFgAdccmVsYXRpdmVQYXRoWWFsaWFzRGF0YV8QFi4uL1BhcGVycy9kb2FrMjAwOC5wZGbSFwsYGVdOUy5kYXRhTxEBjgAAAAABjgACAAAMTWFjaW50b3NoIEhEAAAAAAAAAAAAAAAAAAAAyyPr50grAAAABXOZDGRvYWsyMDA4LnBkZgAAAAAAAAAAAAAAAAAAAAAAAAAAAAAAAAAAAAAAAAAAAAAAAAAAAAAAAAAAAAAAAAAAAAWCY0rLMPM3UERGIAAAAAAAAQACAAAJIAAAAAAAAAAAAAAAAAAAAAZQYXBlcnMAEAAIAADLJFxnAAAAEQAIAADLMWO3AAAAAQAQAAVzmQAFD/gABHbLAADAHwACAD9NYWNpbnRvc2ggSEQ6VXNlcnM6AHNlYW5hbmRlcnNvbjoARHJvcGJveDoAUGFwZXJzOgBkb2FrMjAwOC5wZGYAAA4AGgAMAGQAbwBhAGsAMgAwADAAOAAuAHAAZABmAA8AGgAMAE0AYQBjAGkAbgB0AG8AcwBoACAASABEABIALlVzZXJzL3NlYW5hbmRlcnNvbi9Ecm9wYm94L1BhcGVycy9kb2FrMjAwOC5wZGYAEwABLwAAFQACABP//wAAgAbSGxwdHlokY2xhc3NuYW1lWCRjbGFzc2VzXU5TTXV0YWJsZURhdGGjHR8gVk5TRGF0YVhOU09iamVjdNIbHCIjXE5TRGljdGlvbmFyeaIiIF8QD05TS2V5ZWRBcmNoaXZlctEmJ1Ryb290gAEACAARABoAIwAtADIANwBAAEYATQBVAGAAZwBqAGwAbgBxAHMAdQB3AIQAjgCnAKwAtAJGAkgCTQJYAmECbwJzAnoCgwKIApUCmAKqAq0CsgAAAAAAAAIBAAAAAAAAACgAAAAAAAAAAAAAAAAAAAK0}
		  ,
  bdsk-url-1	= {http://dx.doi.org/10.1890/07-0965.1}
}

@Book{		  rachev2008,
  address	= {New Jersey},
  author	= {S R Rachev AND S V Stoyanov AND F J Fabozzi},
  date-added	= {2011-10-24 22:17:33 +0000},
  date-modified	= {2013-05-28 02:51:28 +0000},
  keywords	= {portfolio-optimization},
  publisher	= {John Wiley {\&} Sons, Inc.},
  title		= {Advanced Stochastic Models, Risk Assessment, and Portfolio
		  Optimization},
  year		= {2008}
}

@Article{	  saucy1994,
  abstract	= {Long term population fluctuations of the fossorial form of
		  the water vole, Arvicola terrestris, can be reconstructed
		  on the basis of the rewards given to vole trappers
		  ("tail-return statistics"). Nine time series of at least 20
		  yr of continuous data recorded during the 20th century in
		  Switzerland have been analysed using time series analysis
		  and tested for direct and delayed density dependence. Seven
		  of these data sets showed cyclic changes in abundance with
		  statistically significant maxima of the periodogram for
		  periods ranging between 5 and 7 yr. Their partial
		  autocorrelation functions suggested the presence of both
		  direct or delayed density dependence in the data. This was
		  confirmed by regression analysis using the nonlinear
		  approach advocated by Turchin. In contrast, no simple
		  periodicity could be found in the two remaining time
		  series, nor indication for direct or delayed density
		  dependence in their partial autocorrelation functions.
		  However, direct density dependence was also statistically
		  demonstrated in these two data sets. In most cases, the
		  analyses were complicated by the presence of trends in the
		  data. The detection of density-dependent regulatory effects
		  was obscured by linear and nonlinear trends in one and two
		  cases, respectively. The data support the hypothesis that
		  time-delayed and nonlinear mechanisms of population
		  regulation operate in fossorial populations of A.
		  terrestris. Furthermore, the data are consistent with
		  regulatory mechanisms involving predator-prey interactions,
		  while the causation of the unusually long cycle is still an
		  open question. Finally, the presence of trends in these
		  time series suggests that water vole populations track some
		  long-term climatic changes in the environment.},
  author	= {Saucy, Francis},
  cr		= {Copyright \copyright 1994 Nordic Society Oikos},
  date		= {1994/12/01},
  date-added	= {2011-10-14 17:35:49 +0000},
  date-modified	= {2013-05-28 02:51:28 +0000},
  isbn		= {00301299},
  journal	= {Oikos},
  keywords	= {data-sources, time-series-analysis, spectral-analysis},
  m1		= {ArticleType: research-article / Full publication date:
		  Dec., 1994 / Copyright {\copyright}1994 Nordic Society
		  Oikos},
  number	= {3},
  pages		= {381--392},
  publisher	= {Blackwell Publishing on behalf of Nordic Society Oikos},
  title		= {Density Dependence in Time Series of the Fossorial Form of
		  the Water Vole, \textit{Arvicola terrestris}},
  url		= {http://www.jstor.org/stable/3545826},
  volume	= {71},
  year		= {1994},
  bdsk-file-1	= {YnBsaXN0MDDUAQIDBAUGJCVYJHZlcnNpb25YJG9iamVjdHNZJGFyY2hpdmVyVCR0b3ASAAGGoKgHCBMUFRYaIVUkbnVsbNMJCgsMDxJXTlMua2V5c1pOUy5vYmplY3RzViRjbGFzc6INDoACgAOiEBGABIAFgAdccmVsYXRpdmVQYXRoWWFsaWFzRGF0YV8QFy4uL1BhcGVycy9zYXVjeTE5OTQucGRm0hcLGBlXTlMuZGF0YU8RAZIAAAAAAZIAAgAADE1hY2ludG9zaCBIRAAAAAAAAAAAAAAAAAAAAMsj6+dIKwAAAAVzmQ1zYXVjeTE5OTQucGRmAAAAAAAAAAAAAAAAAAAAAAAAAAAAAAAAAAAAAAAAAAAAAAAAAAAAAAAAAAAAAAAAAAAFgmYPyr3AtFBERiAAAAAAAAEAAgAACSAAAAAAAAAAAAAAAAAAAAAGUGFwZXJzABAACAAAyyRcZwAAABEACAAAyr4jJAAAAAEAEAAFc5kABQ/4AAR2ywAAwB8AAgBATWFjaW50b3NoIEhEOlVzZXJzOgBzZWFuYW5kZXJzb246AERyb3Bib3g6AFBhcGVyczoAc2F1Y3kxOTk0LnBkZgAOABwADQBzAGEAdQBjAHkAMQA5ADkANAAuAHAAZABmAA8AGgAMAE0AYQBjAGkAbgB0AG8AcwBoACAASABEABIAL1VzZXJzL3NlYW5hbmRlcnNvbi9Ecm9wYm94L1BhcGVycy9zYXVjeTE5OTQucGRmAAATAAEvAAAVAAIAE///AACABtIbHB0eWiRjbGFzc25hbWVYJGNsYXNzZXNdTlNNdXRhYmxlRGF0YaMdHyBWTlNEYXRhWE5TT2JqZWN00hscIiNcTlNEaWN0aW9uYXJ5oiIgXxAPTlNLZXllZEFyY2hpdmVy0SYnVHJvb3SAAQAIABEAGgAjAC0AMgA3AEAARgBNAFUAYABnAGoAbABuAHEAcwB1AHcAhACOAKgArQC1AksCTQJSAl0CZgJ0AngCfwKIAo0CmgKdAq8CsgK3AAAAAAAAAgEAAAAAAAAAKAAAAAAAAAAAAAAAAAAAArk=}
		  ,
  bdsk-url-1	= {http://www.jstor.org/stable/3545826}
}

@Article{	  lindenmayer2010,
  abstract	= {Ecological ``surprises'' are defined as unexpected
		  findings about the natural environment. They are critically
		  important in ecology because they are catalysts for
		  questioning and reformulating views of the natural world,
		  help shape assessments of the veracity of a priori
		  predictions about ecological trends and phenomena, and
		  underpin questioning of effectiveness of resource
		  management. Despite the importance of ecological surprises,
		  major gaps in understanding remain about how studies might
		  be done differently or done better to improve the ability
		  to identify them. We outline the kinds of ecological
		  surprises that have arisen from long-term research programs
		  that we lead in markedly different ecosystems around the
		  world. Based on these case studies, we identify important
		  lessons to guide both existing studies and new
		  investigations to detect ecological surprises more readily,
		  better anticipate unusual ecological phenomena, and take
		  proactive steps to plan for and alleviate ``undesirable''
		  ecological surprises. Some of these lessons include: (i)
		  maintain existing, and instigate new, long-term studies;
		  (ii) conduct a range of kinds of parallel and concurrent
		  research in a given target area; (iii) better use past
		  literature and conceptual models of the target ecosystem in
		  posing good questions and developing hypotheses and
		  alternative hypotheses; and (iv) increase the capacity for
		  ecological research to take advantage of opportunities
		  arising from major natural disturbances. We argue that the
		  increased anticipatory capability resulting from these
		  lessons is critical given that ecological surprises may
		  become more prevalent because of climate change and
		  multiple and interacting environmental stressors.},
  author	= {D B Lindenmayer and G E Likens and C J Krebs and R J
		  Hobbs},
  date-added	= {2011-03-11 14:52:43 -0800},
  date-modified	= {2013-05-28 02:51:29 +0000},
  doi		= {10.1073/pnas.1015696107},
  journal	= {Proc. Natl. Acad. Sci. U.S.A.},
  number	= {51},
  pages		= {21957--21962},
  rating	= {0},
  title		= {Improved probability of detection of ecological
		  ``surprises''},
  uri		= {papers://1942143A-778F-48A4-8CB0-693C041639FD/Paper/p2370}
		  ,
  volume	= {107},
  year		= {2010},
  bdsk-file-1	= {YnBsaXN0MDDUAQIDBAUGJCVYJHZlcnNpb25YJG9iamVjdHNZJGFyY2hpdmVyVCR0b3ASAAGGoKgHCBMUFRYaIVUkbnVsbNMJCgsMDxJXTlMua2V5c1pOUy5vYmplY3RzViRjbGFzc6INDoACgAOiEBGABIAFgAdccmVsYXRpdmVQYXRoWWFsaWFzRGF0YV8QHS4uL1BhcGVycy9saW5kZW5tYXllcjIwMTAucGRm0hcLGBlXTlMuZGF0YU8RAaoAAAAAAaoAAgAADE1hY2ludG9zaCBIRAAAAAAAAAAAAAAAAAAAAMsj6+dIKwAAAAVzmRNsaW5kZW5tYXllcjIwMTAucGRmAAAAAAAAAAAAAAAAAAAAAAAAAAAAAAAAAAAAAAAAAAAAAAAAAAAAAAAAAAAFgmIEyZKjAgAAAAAAAAAAAAEAAgAACSAAAAAAAAAAAAAAAAAAAAAGUGFwZXJzABAACAAAyyRcZwAAABEACAAAyZMTggAAAAEAEAAFc5kABQ/4AAR2ywAAwB8AAgBGTWFjaW50b3NoIEhEOlVzZXJzOgBzZWFuYW5kZXJzb246AERyb3Bib3g6AFBhcGVyczoAbGluZGVubWF5ZXIyMDEwLnBkZgAOACgAEwBsAGkAbgBkAGUAbgBtAGEAeQBlAHIAMgAwADEAMAAuAHAAZABmAA8AGgAMAE0AYQBjAGkAbgB0AG8AcwBoACAASABEABIANVVzZXJzL3NlYW5hbmRlcnNvbi9Ecm9wYm94L1BhcGVycy9saW5kZW5tYXllcjIwMTAucGRmAAATAAEvAAAVAAIAE///AACABtIbHB0eWiRjbGFzc25hbWVYJGNsYXNzZXNdTlNNdXRhYmxlRGF0YaMdHyBWTlNEYXRhWE5TT2JqZWN00hscIiNcTlNEaWN0aW9uYXJ5oiIgXxAPTlNLZXllZEFyY2hpdmVy0SYnVHJvb3SAAQAIABEAGgAjAC0AMgA3AEAARgBNAFUAYABnAGoAbABuAHEAcwB1AHcAhACOAK4AswC7AmkCawJwAnsChAKSApYCnQKmAqsCuAK7As0C0ALVAAAAAAAAAgEAAAAAAAAAKAAAAAAAAAAAAAAAAAAAAtc=}
		  ,
  bdsk-url-1	= {http://www.pnas.org/content/early/2010/11/22/1015696107.abstract}
		  ,
  bdsk-url-2	= {http://dx.doi.org/10.1073/pnas.1015696107}
}

@Article{	  schindler2010,
  abstract	= {One of the most pervasive themes in ecology is that
		  biological diver- sity stabilizes ecosystem processes and
		  the services they provide to society1--4, a concept that
		  has become a common argument for bio- diversity
		  conservation5. Species-rich communities are thought to
		  produce more temporally stable ecosystem services because
		  of the complementary or independent dynamics among species
		  that per- form similar ecosystem functions6. Such variance
		  dampening within communities is referred to as a portfolio
		  effect7 and is analogous to the effects of asset diversity
		  on the stability of financial portfolios8. In ecology,
		  these arguments have focused on the effects of species
		  diversity on ecosystem stability but have not considered
		  the impor- tance of biologically relevant diversity within
		  individual species9. Current rates of population
		  extirpation are probably at least three orders of magnitude
		  higher than species extinction rates10, so there is a
		  pressing need to clarify how population and life history
		  diversity affect the performance of individual species in
		  providing impor- tant ecosystem services. Here we use five
		  decades of data from Oncorhynchus nerka (sockeye salmon) in
		  Bristol Bay, Alaska, to provide the first quantification of
		  portfolio effects that derive from population and life
		  history diversity in an important and heavily exploited
		  species. Variability in annual Bristol Bay salmon returns
		  is 2.2 times lower than it would be if the system consisted
		  of a single homogenous population rather than the several
		  hundred discrete populations it currently consists of.
		  Furthermore, if it were a single homogeneous population,
		  such increased variability would lead to ten times more
		  frequent fisheries closures. Portfolio effects are also
		  evident in watershed food webs, where they stabilize and
		  extend predator access to salmon resources. Our results
		  demon- strate the critical importance of maintaining
		  population diversity for stabilizing ecosystem services and
		  securing the economies and livelihoods that depend on them.
		  The reliability of ecosystem services will erode faster
		  than indicated by species loss alone.},
  author	= {Schindler, Daniel E. and Hilborn, Ray and Chasco, Brandon
		  and Boatright, Christopher P. and Quinn, Thomas P. and
		  Rogers, Lauren A. and Webster, Michael S.},
  date-added	= {2010-06-04 19:02:51 -0300},
  date-modified	= {2014-02-11 00:48:49 +0000},
  doi		= {10.1038/nature09060},
  journal	= {Nature},
  keywords	= {extinction-risk; portfolio-effect;},
  number	= {7298},
  pages		= {609--612},
  title		= {Population diversity and the portfolio effect in an
		  exploited species},
  volume	= {465},
  year		= {2010},
  bdsk-file-1	= {YnBsaXN0MDDUAQIDBAUGJCVYJHZlcnNpb25YJG9iamVjdHNZJGFyY2hpdmVyVCR0b3ASAAGGoKgHCBMUFRYaIVUkbnVsbNMJCgsMDxJXTlMua2V5c1pOUy5vYmplY3RzViRjbGFzc6INDoACgAOiEBGABIAFgAdccmVsYXRpdmVQYXRoWWFsaWFzRGF0YV8QGy4uL1BhcGVycy9zY2hpbmRsZXIyMDEwLnBkZtIXCxgZV05TLmRhdGFPEQGiAAAAAAGiAAIAAAxNYWNpbnRvc2ggSEQAAAAAAAAAAAAAAAAAAADLI+vnSCsAAAAFc5kRc2NoaW5kbGVyMjAxMC5wZGYAAAAAAAAAAAAAAAAAAAAAAAAAAAAAAAAAAAAAAAAAAAAAAAAAAAAAAAAAAAAABYJifsjODPIAAAAAAAAAAAABAAIAAAkgAAAAAAAAAAAAAAAAAAAABlBhcGVycwAQAAgAAMskXGcAAAARAAgAAMjOb2IAAAABABAABXOZAAUP+AAEdssAAMAfAAIARE1hY2ludG9zaCBIRDpVc2VyczoAc2VhbmFuZGVyc29uOgBEcm9wYm94OgBQYXBlcnM6AHNjaGluZGxlcjIwMTAucGRmAA4AJAARAHMAYwBoAGkAbgBkAGwAZQByADIAMAAxADAALgBwAGQAZgAPABoADABNAGEAYwBpAG4AdABvAHMAaAAgAEgARAASADNVc2Vycy9zZWFuYW5kZXJzb24vRHJvcGJveC9QYXBlcnMvc2NoaW5kbGVyMjAxMC5wZGYAABMAAS8AABUAAgAT//8AAIAG0hscHR5aJGNsYXNzbmFtZVgkY2xhc3Nlc11OU011dGFibGVEYXRhox0fIFZOU0RhdGFYTlNPYmplY3TSGxwiI1xOU0RpY3Rpb25hcnmiIiBfEA9OU0tleWVkQXJjaGl2ZXLRJidUcm9vdIABAAgAEQAaACMALQAyADcAQABGAE0AVQBgAGcAagBsAG4AcQBzAHUAdwCEAI4ArACxALkCXwJhAmYCcQJ6AogCjAKTApwCoQKuArECwwLGAssAAAAAAAACAQAAAAAAAAAoAAAAAAAAAAAAAAAAAAACzQ==}
		  ,
  bdsk-file-2	= {YnBsaXN0MDDUAQIDBAUGJCVYJHZlcnNpb25YJG9iamVjdHNZJGFyY2hpdmVyVCR0b3ASAAGGoKgHCBMUFRYaIVUkbnVsbNMJCgsMDxJXTlMua2V5c1pOUy5vYmplY3RzViRjbGFzc6INDoACgAOiEBGABIAFgAdccmVsYXRpdmVQYXRoWWFsaWFzRGF0YV8QHC4uL1BhcGVycy9zY2hpbmRsZXIyMDEwMC5wZGbSFwsYGVdOUy5kYXRhTxEBpgAAAAABpgACAAAMTWFjaW50b3NoIEhEAAAAAAAAAAAAAAAAAAAAyyPr50grAAAABXOZEnNjaGluZGxlcjIwMTAwLnBkZgAAAAAAAAAAAAAAAAAAAAAAAAAAAAAAAAAAAAAAAAAAAAAAAAAAAAAAAAAAAAWCYirIzgzyAAAAAAAAAAAAAQACAAAJIAAAAAAAAAAAAAAAAAAAAAZQYXBlcnMAEAAIAADLJFxnAAAAEQAIAADIzm9iAAAAAQAQAAVzmQAFD/gABHbLAADAHwACAEVNYWNpbnRvc2ggSEQ6VXNlcnM6AHNlYW5hbmRlcnNvbjoARHJvcGJveDoAUGFwZXJzOgBzY2hpbmRsZXIyMDEwMC5wZGYAAA4AJgASAHMAYwBoAGkAbgBkAGwAZQByADIAMAAxADAAMAAuAHAAZABmAA8AGgAMAE0AYQBjAGkAbgB0AG8AcwBoACAASABEABIANFVzZXJzL3NlYW5hbmRlcnNvbi9Ecm9wYm94L1BhcGVycy9zY2hpbmRsZXIyMDEwMC5wZGYAEwABLwAAFQACABP//wAAgAbSGxwdHlokY2xhc3NuYW1lWCRjbGFzc2VzXU5TTXV0YWJsZURhdGGjHR8gVk5TRGF0YVhOU09iamVjdNIbHCIjXE5TRGljdGlvbmFyeaIiIF8QD05TS2V5ZWRBcmNoaXZlctEmJ1Ryb290gAEACAARABoAIwAtADIANwBAAEYATQBVAGAAZwBqAGwAbgBxAHMAdQB3AIQAjgCtALIAugJkAmYCawJ2An8CjQKRApgCoQKmArMCtgLIAssC0AAAAAAAAAIBAAAAAAAAACgAAAAAAAAAAAAAAAAAAALS}
		  ,
  bdsk-url-1	= {http://dx.doi.org/10.1038/nature09060}
}

@Article{	  hilborn2003,
  abstract	= { ECOLOGY Biocomplexity and sustainability Among the most
		  prominent successes are the for sockeye salmon in Bristol
		  Bay, Alaska (Fig. },
  author	= {R W Hilborn and T Quinn and D Schindler and D Rogers},
  date-added	= {2009-01-01},
  date-modified	= {2013-05-28 02:51:34 +0000},
  doi		= {10.1073/pnas.1037274100},
  journal	= {Proc. Natl. Acad. Sci. U.S.A.},
  number	= {11},
  pages		= {6564--6568},
  title		= {Biocomplexity and fisheries sustainability},
  volume	= {100},
  year		= {2003},
  bdsk-file-1	= {YnBsaXN0MDDUAQIDBAUGJCVYJHZlcnNpb25YJG9iamVjdHNZJGFyY2hpdmVyVCR0b3ASAAGGoKgHCBMUFRYaIVUkbnVsbNMJCgsMDxJXTlMua2V5c1pOUy5vYmplY3RzViRjbGFzc6INDoACgAOiEBGABIAFgAdccmVsYXRpdmVQYXRoWWFsaWFzRGF0YV8QGS4uL1BhcGVycy9oaWxib3JuMjAwMy5wZGbSFwsYGVdOUy5kYXRhTxEBmgAAAAABmgACAAAMTWFjaW50b3NoIEhEAAAAAAAAAAAAAAAAAAAAyyPr50grAAAABXOZD2hpbGJvcm4yMDAzLnBkZgAAAAAAAAAAAAAAAAAAAAAAAAAAAAAAAAAAAAAAAAAAAAAAAAAAAAAAAAAAAAAAAAWCY67LzftCUERGIAAAAAAAAQACAAAJIAAAAAAAAAAAAAAAAAAAAAZQYXBlcnMAEAAIAADLJFxnAAAAEQAIAADLzl2yAAAAAQAQAAVzmQAFD/gABHbLAADAHwACAEJNYWNpbnRvc2ggSEQ6VXNlcnM6AHNlYW5hbmRlcnNvbjoARHJvcGJveDoAUGFwZXJzOgBoaWxib3JuMjAwMy5wZGYADgAgAA8AaABpAGwAYgBvAHIAbgAyADAAMAAzAC4AcABkAGYADwAaAAwATQBhAGMAaQBuAHQAbwBzAGgAIABIAEQAEgAxVXNlcnMvc2VhbmFuZGVyc29uL0Ryb3Bib3gvUGFwZXJzL2hpbGJvcm4yMDAzLnBkZgAAEwABLwAAFQACABP//wAAgAbSGxwdHlokY2xhc3NuYW1lWCRjbGFzc2VzXU5TTXV0YWJsZURhdGGjHR8gVk5TRGF0YVhOU09iamVjdNIbHCIjXE5TRGljdGlvbmFyeaIiIF8QD05TS2V5ZWRBcmNoaXZlctEmJ1Ryb290gAEACAARABoAIwAtADIANwBAAEYATQBVAGAAZwBqAGwAbgBxAHMAdQB3AIQAjgCqAK8AtwJVAlcCXAJnAnACfgKCAokCkgKXAqQCpwK5ArwCwQAAAAAAAAIBAAAAAAAAACgAAAAAAAAAAAAAAAAAAALD}
		  ,
  bdsk-url-1	= {http://dx.doi.org/10.1073/pnas.1037274100}
}

@Article{	  kirby2009,
  abstract	= {Current climate change and overfishing are affecting the
		  productivity and structure of marine ecosystems. This
		  situation is unprecedented for the marine biosphere and it
		  is essential to understand the mechanisms and pathways by
		  which ecosystems respond. We report that climate change and
		  overfishing are likely to be responsible for a rapid
		  restructuring of a highly productive marine ecosystem with
		  effects throughout the pelagos and the benthos. In the
		  mid-1980s, climate change, consequent modifications in the
		  North Sea plankton, and fishing, all reduced North Sea cod
		  recruitment. In this region, production of many benthic
		  species respond positively and immediately to temperature.
		  Analysis of a long-term, spatially extensive biological
		  (plankton and cod) and physical (sea surface temperature)
		  dataset suggests that synchronous changes in cod numbers
		  and sea temperature have established an extensive trophic
		  cascade favoring lower trophic level groups over economic
		  fisheries. A proliferation of jellyfish that we detect may
		  signal the climax of these changes. This modified North Sea
		  ecology may provide a clear indication of the synergistic
		  consequences of coincident climate change and overfishing.
		  The extent of the ecosystem restructuring that has occurred
		  in the North Sea suggests we are unlikely to reverse
		  current climate and human-induced effects through ecosystem
		  resource management in the short term. Rather, we should
		  understand and adapt to new ecological regimes. This
		  implies that fisheries management policies will have to be
		  fully integrated with the ecological consequences of
		  climate change to prevent a similar collapse in an
		  exploited marine ecosystem elsewhere.},
  author	= {Richard R Kirby and Gregory Beaugrand and John A Lindley},
  date-added	= {2009-01-01},
  date-modified	= {2013-05-28 02:51:31 +0000},
  journal	= {Ecosystems},
  keywords	= {climate},
  number	= {4},
  pages		= {548--561},
  title		= {Synergistic Effects of Climate and Fishing in a Marine
		  Ecosystem},
  volume	= {12},
  year		= {2009},
  bdsk-file-1	= {YnBsaXN0MDDUAQIDBAUGJCVYJHZlcnNpb25YJG9iamVjdHNZJGFyY2hpdmVyVCR0b3ASAAGGoKgHCBMUFRYaIVUkbnVsbNMJCgsMDxJXTlMua2V5c1pOUy5vYmplY3RzViRjbGFzc6INDoACgAOiEBGABIAFgAdccmVsYXRpdmVQYXRoWWFsaWFzRGF0YV8QFy4uL1BhcGVycy9raXJieTIwMDkucGRm0hcLGBlXTlMuZGF0YU8RAZIAAAAAAZIAAgAADE1hY2ludG9zaCBIRAAAAAAAAAAAAAAAAAAAAMsj6+dIKwAAAAVzmQ1raXJieTIwMDkucGRmAAAAAAAAAAAAAAAAAAAAAAAAAAAAAAAAAAAAAAAAAAAAAAAAAAAAAAAAAAAAAAAAAAAFgl2wyM4HaAAAAAAAAAAAAAEAAgAACSAAAAAAAAAAAAAAAAAAAAAGUGFwZXJzABAACAAAyyRcZwAAABEACAAAyM5p2AAAAAEAEAAFc5kABQ/4AAR2ywAAwB8AAgBATWFjaW50b3NoIEhEOlVzZXJzOgBzZWFuYW5kZXJzb246AERyb3Bib3g6AFBhcGVyczoAa2lyYnkyMDA5LnBkZgAOABwADQBrAGkAcgBiAHkAMgAwADAAOQAuAHAAZABmAA8AGgAMAE0AYQBjAGkAbgB0AG8AcwBoACAASABEABIAL1VzZXJzL3NlYW5hbmRlcnNvbi9Ecm9wYm94L1BhcGVycy9raXJieTIwMDkucGRmAAATAAEvAAAVAAIAE///AACABtIbHB0eWiRjbGFzc25hbWVYJGNsYXNzZXNdTlNNdXRhYmxlRGF0YaMdHyBWTlNEYXRhWE5TT2JqZWN00hscIiNcTlNEaWN0aW9uYXJ5oiIgXxAPTlNLZXllZEFyY2hpdmVy0SYnVHJvb3SAAQAIABEAGgAjAC0AMgA3AEAARgBNAFUAYABnAGoAbABuAHEAcwB1AHcAhACOAKgArQC1AksCTQJSAl0CZgJ0AngCfwKIAo0CmgKdAq8CsgK3AAAAAAAAAgEAAAAAAAAAKAAAAAAAAAAAAAAAAAAAArk=}
		  
}
