
@Article{	  allen2001,
  author	= {Allen, A.P. and Li, B.-L. and Charnov, E.L.},
  doi		= {10.1046/j.1461-0248.2001.00194.x},
  journal	= ecollett,
  keywords	= {power-law},
  number	= {1},
  pages		= {1--3},
  title		= {Population fluctuations, power laws and mixtures of
		  lognormal distributions},
  volume	= {4},
  year		= {2001}
}

@Article{	  alvarez1980,
  author	= {Alvarez, Luis W. and Alvarez, Walter and Asaro, Frank and
		  Michel, Helen V.},
  journal	= {Science},
  number	= {4448},
  pages		= {1095--1108},
  title		= {Extraterrestrial Cause for the {Cretaceous-Tertiary}
		  Extinction},
  volume	= {208},
  year		= {1980}
}

@Article{	  anderson2015,
  author	= {S C Anderson and J W Moore and M M McClure and N K Dulvy
		  and A B Cooper},
  journal	= ecolappl,
  title		= {Portfolio conservation of metapopulations under climate
		  change},
  volume	= {25},
  number	= {2},
  pages		= {559--572},
  year		= {2014}
}

@Article{	  barnes1986,
  author	= {Barnes, R. F. W. and Tapper, S. C.},
  date-added	= {2014-09-18 22:19:34 +0000},
  date-modified	= {2014-09-18 22:20:37 +0000},
  doi		= {10.1111/j.1365-2907.1986.tb00030.x},
  journal	= mammalrev,
  number	= {3-4},
  pages		= {111--116},
  title		= {Consequences of the myxomatosis epidemic in {Britain}'s
		  Rabbit (\textit{Oryctolagus cuniculus} {L.}) population on
		  the numbers of Brown Hares (\textit{Lepus europaeus}
		  {Pallas})},
  volume	= {16},
  year		= {1986}
}

###Article{	  barnes1986,
  author	= {Barnes, R. F. W. and Tapper, S. C.},
  date-added	= {2014-09-18 22:19:34 +0000},
  date-modified	= {2014-09-18 22:20:37 +0000},
  doi		= {10.1111/j.1365-2907.1986.tb00030.x},
  journal	= {Mammal. Rev.},
  number	= {3-4},
  pages		= {111--116},
  title		= {Consequences of the myxomatosis epidemic in {Britain}'s
		  Rabbit (\textit{Oryctolagus cuniculus} {L.}) population on
		  the numbers of Brown Hares (\textit{Lepus europaeus}
		  {Pallas})},
  volume	= {16},
  year		= {1986},
  bdsk-file-1	= {YnBsaXN0MDDUAQIDBAUGJCVYJHZlcnNpb25YJG9iamVjdHNZJGFyY2hpdmVyVCR0b3ASAAGGoKgHCBMUFRYaIVUkbnVsbNMJCgsMDxJXTlMua2V5c1pOUy5vYmplY3RzViRjbGFzc6INDoACgAOiEBGABIAFgAdccmVsYXRpdmVQYXRoWWFsaWFzRGF0YV8QGC4uL1BhcGVycy9iYXJuZXMxOTg2LnBkZtIXCxgZV05TLmRhdGFPEQGWAAAAAAGWAAIAAAxNYWNpbnRvc2ggSEQAAAAAAAAAAAAAAAAAAADLI+vnSCsAAAAFc5kOYmFybmVzMTk4Ni5wZGYAAAAAAAAAAAAAAAAAAAAAAAAAAAAAAAAAAAAAAAAAAAAAAAAAAAAAAAAAAAAAAAAABYJmBNBAqGwAAAAAAAAAAAABAAIAAAkgAAAAAAAAAAAAAAAAAAAABlBhcGVycwAQAAgAAMskXGcAAAARAAgAANBBCtwAAAABABAABXOZAAUP+AAEdssAAMAfAAIAQU1hY2ludG9zaCBIRDpVc2VyczoAc2VhbmFuZGVyc29uOgBEcm9wYm94OgBQYXBlcnM6AGJhcm5lczE5ODYucGRmAAAOAB4ADgBiAGEAcgBuAGUAcwAxADkAOAA2AC4AcABkAGYADwAaAAwATQBhAGMAaQBuAHQAbwBzAGgAIABIAEQAEgAwVXNlcnMvc2VhbmFuZGVyc29uL0Ryb3Bib3gvUGFwZXJzL2Jhcm5lczE5ODYucGRmABMAAS8AABUAAgAT//8AAIAG0hscHR5aJGNsYXNzbmFtZVgkY2xhc3Nlc11OU011dGFibGVEYXRhox0fIFZOU0RhdGFYTlNPYmplY3TSGxwiI1xOU0RpY3Rpb25hcnmiIiBfEA9OU0tleWVkQXJjaGl2ZXLRJidUcm9vdIABAAgAEQAaACMALQAyADcAQABGAE0AVQBgAGcAagBsAG4AcQBzAHUAdwCEAI4AqQCuALYCUAJSAlcCYgJrAnkCfQKEAo0CkgKfAqICtAK3ArwAAAAAAAACAQAAAAAAAAAoAAAAAAAAAAAAAAAAAAACvg==}
		  
}

@Article{	  broekhuizen1993,
  abstract	= {1. Data from 27 populations of Bupalus piniaria L.
		  (Lepidoptera, Geometridae) spanning a minimum of 22 years
		  are used to estimate the parameters of a simple difference
		  model of the moth's population dynamics. 2. The resulting
		  parameter estimates are compared with the `site
		  characteristics' of the forest in which each population
		  exists. 3. The per capita net rate of increase is found to
		  be positively correlated with latitude, while the shape
		  parameter in the function describing immediately
		  density-dependent mortality is inversely related to local
		  rainfall. 4. Possible physiological and behavioural
		  mechanisms underlying these correlations are discussed.},
  author	= {Broekhuizen, N. and Evans, H. F. and Hassell, M. P.},
  date-added	= {2014-09-22 17:00:28 +0000},
  date-modified	= {2014-09-22 17:00:42 +0000},
  doi		= {10.2307/5200},
  journal	= janimecol,
  number	= {3},
  pages		= {511--518},
  title		= {Site Characteristics and the Population Dynamics of the
		  Pine Looper Moth},
  volume	= {62},
  year		= {1993}
}

###Article{	  broekhuizen1993,
  abstract	= {1. Data from 27 populations of Bupalus piniaria L.
		  (Lepidoptera, Geometridae) spanning a minimum of 22 years
		  are used to estimate the parameters of a simple difference
		  model of the moth's population dynamics. 2. The resulting
		  parameter estimates are compared with the `site
		  characteristics' of the forest in which each population
		  exists. 3. The per capita net rate of increase is found to
		  be positively correlated with latitude, while the shape
		  parameter in the function describing immediately
		  density-dependent mortality is inversely related to local
		  rainfall. 4. Possible physiological and behavioural
		  mechanisms underlying these correlations are discussed.},
  author	= {Broekhuizen, N. and Evans, H. F. and Hassell, M. P.},
  date-added	= {2014-09-22 17:00:28 +0000},
  date-modified	= {2014-09-22 17:00:42 +0000},
  doi		= {10.2307/5200},
  journal	= {J. Anim. Ecol.},
  number	= {3},
  pages		= {511--518},
  title		= {Site Characteristics and the Population Dynamics of the
		  Pine Looper Moth},
  volume	= {62},
  year		= {1993},
  bdsk-file-1	= {YnBsaXN0MDDUAQIDBAUGJCVYJHZlcnNpb25YJG9iamVjdHNZJGFyY2hpdmVyVCR0b3ASAAGGoKgHCBMUFRYaIVUkbnVsbNMJCgsMDxJXTlMua2V5c1pOUy5vYmplY3RzViRjbGFzc6INDoACgAOiEBGABIAFgAdccmVsYXRpdmVQYXRoWWFsaWFzRGF0YV8QHS4uL1BhcGVycy9icm9la2h1aXplbjE5OTMucGRm0hcLGBlXTlMuZGF0YU8RAaoAAAAAAaoAAgAADE1hY2ludG9zaCBIRAAAAAAAAAAAAAAAAAAAAMsj6+dIKwAAAAVzmRNicm9la2h1aXplbjE5OTMucGRmAAAAAAAAAAAAAAAAAAAAAAAAAAAAAAAAAAAAAAAAAAAAAAAAAAAAAAAAAAAFgmYO0EWjqwAAAAAAAAAAAAEAAgAACSAAAAAAAAAAAAAAAAAAAAAGUGFwZXJzABAACAAAyyRcZwAAABEACAAA0EYGGwAAAAEAEAAFc5kABQ/4AAR2ywAAwB8AAgBGTWFjaW50b3NoIEhEOlVzZXJzOgBzZWFuYW5kZXJzb246AERyb3Bib3g6AFBhcGVyczoAYnJvZWtodWl6ZW4xOTkzLnBkZgAOACgAEwBiAHIAbwBlAGsAaAB1AGkAegBlAG4AMQA5ADkAMwAuAHAAZABmAA8AGgAMAE0AYQBjAGkAbgB0AG8AcwBoACAASABEABIANVVzZXJzL3NlYW5hbmRlcnNvbi9Ecm9wYm94L1BhcGVycy9icm9la2h1aXplbjE5OTMucGRmAAATAAEvAAAVAAIAE///AACABtIbHB0eWiRjbGFzc25hbWVYJGNsYXNzZXNdTlNNdXRhYmxlRGF0YaMdHyBWTlNEYXRhWE5TT2JqZWN00hscIiNcTlNEaWN0aW9uYXJ5oiIgXxAPTlNLZXllZEFyY2hpdmVy0SYnVHJvb3SAAQAIABEAGgAjAC0AMgA3AEAARgBNAFUAYABnAGoAbABuAHEAcwB1AHcAhACOAK4AswC7AmkCawJwAnsChAKSApYCnQKmAqsCuAK7As0C0ALVAAAAAAAAAgEAAAAAAAAAKAAAAAAAAAAAAAAAAAAAAtc=}
		  
}

@Article{	  brook2006,
  author	= {Brook, Barry W. and Bradshaw, Corey J. A.},
  doi		= {10.1890/0012-9658(2006)87{$[$}1445:SOEFDD{$]$}2.0.CO;2},
  journal	= {Ecology},
  month		= {2014/04/23},
  number	= {6},
  pages		= {1445--1451},
  title		= {Strength of evidence for density dependence in abundance
		  time series of 1198 species},
  volume	= {87},
  year		= {2006}
}

@Article{	  brook2006a,
  author	= {Brook, Barry W. and Traill, Lochran W. and Bradshaw, Corey
		  J. A.},
  doi		= {10.1111/j.1461-0248.2006.00883.x},
  journal	= ecollett,
  number	= {4},
  pages		= {375--382},
  title		= {Minimum viable population sizes and global extinction risk
		  are unrelated},
  volume	= {9},
  year		= {2006}
}

###Article{	  brook2006a,
  author	= {Brook, Barry W. and Traill, Lochran W. and Bradshaw, Corey
		  J. A.},
  date-added	= {2014-09-18 22:23:10 +0000},
  date-modified	= {2014-09-18 22:23:48 +0000},
  doi		= {10.1111/j.1461-0248.2006.00883.x},
  journal	= {Ecol. Lett.},
  number	= {4},
  pages		= {375--382},
  title		= {Minimum viable population sizes and global extinction risk
		  are unrelated},
  volume	= {9},
  year		= {2006},
  bdsk-file-1	= {YnBsaXN0MDDUAQIDBAUGJCVYJHZlcnNpb25YJG9iamVjdHNZJGFyY2hpdmVyVCR0b3ASAAGGoKgHCBMUFRYaIVUkbnVsbNMJCgsMDxJXTlMua2V5c1pOUy5vYmplY3RzViRjbGFzc6INDoACgAOiEBGABIAFgAdccmVsYXRpdmVQYXRoWWFsaWFzRGF0YV8QGC4uL1BhcGVycy9icm9vazIwMDZhLnBkZtIXCxgZV05TLmRhdGFPEQGWAAAAAAGWAAIAAAxNYWNpbnRvc2ggSEQAAAAAAAAAAAAAAAAAAADLI+vnSCsAAAAFc5kOYnJvb2syMDA2YS5wZGYAAAAAAAAAAAAAAAAAAAAAAAAAAAAAAAAAAAAAAAAAAAAAAAAAAAAAAAAAAAAAAAAABYJmBdBAqUoAAAAAAAAAAAABAAIAAAkgAAAAAAAAAAAAAAAAAAAABlBhcGVycwAQAAgAAMskXGcAAAARAAgAANBBC7oAAAABABAABXOZAAUP+AAEdssAAMAfAAIAQU1hY2ludG9zaCBIRDpVc2VyczoAc2VhbmFuZGVyc29uOgBEcm9wYm94OgBQYXBlcnM6AGJyb29rMjAwNmEucGRmAAAOAB4ADgBiAHIAbwBvAGsAMgAwADAANgBhAC4AcABkAGYADwAaAAwATQBhAGMAaQBuAHQAbwBzAGgAIABIAEQAEgAwVXNlcnMvc2VhbmFuZGVyc29uL0Ryb3Bib3gvUGFwZXJzL2Jyb29rMjAwNmEucGRmABMAAS8AABUAAgAT//8AAIAG0hscHR5aJGNsYXNzbmFtZVgkY2xhc3Nlc11OU011dGFibGVEYXRhox0fIFZOU0RhdGFYTlNPYmplY3TSGxwiI1xOU0RpY3Rpb25hcnmiIiBfEA9OU0tleWVkQXJjaGl2ZXLRJidUcm9vdIABAAgAEQAaACMALQAyADcAQABGAE0AVQBgAGcAagBsAG4AcQBzAHUAdwCEAI4AqQCuALYCUAJSAlcCYgJrAnkCfQKEAo0CkgKfAqICtAK3ArwAAAAAAAACAQAAAAAAAAAoAAAAAAAAAAAAAAAAAAACvg==}
		  
}

@Article{	  caddy1996,
  author	= {Caddy, J. F. and McGarvey, R.},
  doi		= {10.1577/1548-8675(1996)016<0479:TOLFMO>2.3.CO;2},
  journal	= najfm,
  number	= {3},
  pages		= {479--487},
  title		= {Targets or Limits for Management of Fisheries?},
  volume	= {16},
  year		= {1996}
}

@Article{	  carpenter2006,
  title		= {Rising variance: a leading indicator of ecological
		  transition},
  volume	= {9},
  doi		= {10.1111/j.1461-0248.2005.00877.x},
  number	= {3},
  journal	= ecollett,
  author	= {Carpenter, S. R. and Brock, W. A.},
  year		= {2006},
  pages		= {311--318}
}

@Article{	  clark2010,
  author	= {Clark, Francis and Brook, Barry W. and Delean, Steven and
		  Re{\c s}it Ak{\c c}akaya, H. and Bradshaw, Corey J. A.},
  date-added	= {2014-05-12 23:07:26 +0000},
  date-modified	= {2014-05-12 23:07:55 +0000},
  doi		= {10.1111/j.2041-210X.2010.00029.x},
  journal	= methodsecolevol,
  number	= {3},
  pages		= {253--262},
  title		= {The theta-logistic is unreliable for modelling most census
		  data},
  volume	= {1},
  year		= {2010}
}

###Article{	  clark2010,
  author	= {Clark, Francis and Brook, Barry W. and Delean, Steven and
		  Re{\c s}it Ak{\c c}akaya, H. and Bradshaw, Corey J. A.},
  date-added	= {2014-05-12 23:07:26 +0000},
  date-modified	= {2014-05-12 23:07:55 +0000},
  doi		= {10.1111/j.2041-210X.2010.00029.x},
  journal	= {Methods Ecol. Evol.},
  number	= {3},
  pages		= {253--262},
  title		= {The theta-logistic is unreliable for modelling most census
		  data},
  volume	= {1},
  year		= {2010},
  bdsk-file-1	= {YnBsaXN0MDDUAQIDBAUGJCVYJHZlcnNpb25YJG9iamVjdHNZJGFyY2hpdmVyVCR0b3ASAAGGoKgHCBMUFRYaIVUkbnVsbNMJCgsMDxJXTlMua2V5c1pOUy5vYmplY3RzViRjbGFzc6INDoACgAOiEBGABIAFgAdccmVsYXRpdmVQYXRoWWFsaWFzRGF0YV8QFy4uL1BhcGVycy9jbGFyazIwMTAucGRm0hcLGBlXTlMuZGF0YU8RAZIAAAAAAZIAAgAADE1hY2ludG9zaCBIRAAAAAAAAAAAAAAAAAAAAMsj6+dIKwAAAAVzmQ1jbGFyazIwMTAucGRmAAAAAAAAAAAAAAAAAAAAAAAAAAAAAAAAAAAAAAAAAAAAAAAAAAAAAAAAAAAAAAAAAAAFgmWVz5aguQAAAAAAAAAAAAEAAgAACSAAAAAAAAAAAAAAAAAAAAAGUGFwZXJzABAACAAAyyRcZwAAABEACAAAz5cDKQAAAAEAEAAFc5kABQ/4AAR2ywAAwB8AAgBATWFjaW50b3NoIEhEOlVzZXJzOgBzZWFuYW5kZXJzb246AERyb3Bib3g6AFBhcGVyczoAY2xhcmsyMDEwLnBkZgAOABwADQBjAGwAYQByAGsAMgAwADEAMAAuAHAAZABmAA8AGgAMAE0AYQBjAGkAbgB0AG8AcwBoACAASABEABIAL1VzZXJzL3NlYW5hbmRlcnNvbi9Ecm9wYm94L1BhcGVycy9jbGFyazIwMTAucGRmAAATAAEvAAAVAAIAE///AACABtIbHB0eWiRjbGFzc25hbWVYJGNsYXNzZXNdTlNNdXRhYmxlRGF0YaMdHyBWTlNEYXRhWE5TT2JqZWN00hscIiNcTlNEaWN0aW9uYXJ5oiIgXxAPTlNLZXllZEFyY2hpdmVy0SYnVHJvb3SAAQAIABEAGgAjAC0AMgA3AEAARgBNAFUAYABnAGoAbABuAHEAcwB1AHcAhACOAKgArQC1AksCTQJSAl0CZgJ0AngCfwKIAo0CmgKdAq8CsgK3AAAAAAAAAgEAAAAAAAAAKAAAAAAAAAAAAAAAAAAAArk=}
		  
}

@Article{	  clarke1885,
  author	= {Clarke, Wm. Eagle and Backhouse, James},
  date-added	= {2014-11-07 18:46:25 +0000},
  date-modified	= {2014-11-07 18:46:52 +0000},
  doi		= {10.1111/j.1474-919X.1885.tb06254.x},
  journal	= {Ibis},
  number	= {4},
  pages		= {364--380},
  title		= {An Autumn Ramble in {Eastern Iceland}, with some Notes
		  from the {Far{\"o}es}},
  volume	= {27},
  year		= {1885}
}

###Article{	  clarke1885,
  author	= {Clarke, Wm. Eagle and Backhouse, James},
  date-added	= {2014-11-07 18:46:25 +0000},
  date-modified	= {2014-11-07 18:46:52 +0000},
  doi		= {10.1111/j.1474-919X.1885.tb06254.x},
  journal	= {Ibis},
  number	= {4},
  pages		= {364--380},
  title		= {An Autumn Ramble in {Eastern Iceland}, with some Notes
		  from the {Far{\"o}es}},
  volume	= {27},
  year		= {1885},
  bdsk-file-1	= {YnBsaXN0MDDUAQIDBAUGJCVYJHZlcnNpb25YJG9iamVjdHNZJGFyY2hpdmVyVCR0b3ASAAGGoKgHCBMUFRYaIVUkbnVsbNMJCgsMDxJXTlMua2V5c1pOUy5vYmplY3RzViRjbGFzc6INDoACgAOiEBGABIAFgAdccmVsYXRpdmVQYXRoWWFsaWFzRGF0YV8QGC4uL1BhcGVycy9jbGFya2UxODg1LnBkZtIXCxgZV05TLmRhdGFPEQGWAAAAAAGWAAIAAAxNYWNpbnRvc2ggSEQAAAAAAAAAAAAAAAAAAADLI+vnSCsAAAAFc5kOY2xhcmtlMTg4NS5wZGYAAAAAAAAAAAAAAAAAAAAAAAAAAAAAAAAAAAAAAAAAAAAAAAAAAAAAAAAAAAAAAAAABZv8yNCCU2xQREYgAAAAAAABAAIAAAkgAAAAAAAAAAAAAAAAAAAABlBhcGVycwAQAAgAAMskXGcAAAARAAgAANCCw+wAAAABABAABXOZAAUP+AAEdssAAMAfAAIAQU1hY2ludG9zaCBIRDpVc2VyczoAc2VhbmFuZGVyc29uOgBEcm9wYm94OgBQYXBlcnM6AGNsYXJrZTE4ODUucGRmAAAOAB4ADgBjAGwAYQByAGsAZQAxADgAOAA1AC4AcABkAGYADwAaAAwATQBhAGMAaQBuAHQAbwBzAGgAIABIAEQAEgAwVXNlcnMvc2VhbmFuZGVyc29uL0Ryb3Bib3gvUGFwZXJzL2NsYXJrZTE4ODUucGRmABMAAS8AABUAAgAT//8AAIAG0hscHR5aJGNsYXNzbmFtZVgkY2xhc3Nlc11OU011dGFibGVEYXRhox0fIFZOU0RhdGFYTlNPYmplY3TSGxwiI1xOU0RpY3Rpb25hcnmiIiBfEA9OU0tleWVkQXJjaGl2ZXLRJidUcm9vdIABAAgAEQAaACMALQAyADcAQABGAE0AVQBgAGcAagBsAG4AcQBzAHUAdwCEAI4AqQCuALYCUAJSAlcCYgJrAnkCfQKEAo0CkgKfAqICtAK3ArwAAAAAAAACAQAAAAAAAAAoAAAAAAAAAAAAAAAAAAACvg==}
		  
}

@Article{	  colebrook1978,
  author	= {Colebrook, J M},
  date-added	= {2014-11-07 22:40:57 +0000},
  date-modified	= {2014-11-07 22:41:42 +0000},
  journal	= {Oceanologica Acta},
  number	= {1},
  pages		= {9--23},
  title		= {Continuous plankton records-zooplankton and environment,
		  northeast {Atlantic and North-Sea}, 1948-1975},
  volume	= {1},
  year		= {1978},
  bdsk-file-1	= {YnBsaXN0MDDUAQIDBAUGJCVYJHZlcnNpb25YJG9iamVjdHNZJGFyY2hpdmVyVCR0b3ASAAGGoKgHCBMUFRYaIVUkbnVsbNMJCgsMDxJXTlMua2V5c1pOUy5vYmplY3RzViRjbGFzc6INDoACgAOiEBGABIAFgAdccmVsYXRpdmVQYXRoWWFsaWFzRGF0YV8QGy4uL1BhcGVycy9jb2xlYnJvb2sxOTc4LnBkZtIXCxgZV05TLmRhdGFPEQGiAAAAAAGiAAIAAAxNYWNpbnRvc2ggSEQAAAAAAAAAAAAAAAAAAADLI+vnSCsAAAAFc5kRY29sZWJyb29rMTk3OC5wZGYAAAAAAAAAAAAAAAAAAAAAAAAAAAAAAAAAAAAAAAAAAAAAAAAAAAAAAAAAAAAABZwfDdCCilgAAAAAAAAAAAABAAIAAAkgAAAAAAAAAAAAAAAAAAAABlBhcGVycwAQAAgAAMskXGcAAAARAAgAANCC+tgAAAABABAABXOZAAUP+AAEdssAAMAfAAIARE1hY2ludG9zaCBIRDpVc2VyczoAc2VhbmFuZGVyc29uOgBEcm9wYm94OgBQYXBlcnM6AGNvbGVicm9vazE5NzgucGRmAA4AJAARAGMAbwBsAGUAYgByAG8AbwBrADEAOQA3ADgALgBwAGQAZgAPABoADABNAGEAYwBpAG4AdABvAHMAaAAgAEgARAASADNVc2Vycy9zZWFuYW5kZXJzb24vRHJvcGJveC9QYXBlcnMvY29sZWJyb29rMTk3OC5wZGYAABMAAS8AABUAAgAT//8AAIAG0hscHR5aJGNsYXNzbmFtZVgkY2xhc3Nlc11OU011dGFibGVEYXRhox0fIFZOU0RhdGFYTlNPYmplY3TSGxwiI1xOU0RpY3Rpb25hcnmiIiBfEA9OU0tleWVkQXJjaGl2ZXLRJidUcm9vdIABAAgAEQAaACMALQAyADcAQABGAE0AVQBgAGcAagBsAG4AcQBzAHUAdwCEAI4ArACxALkCXwJhAmYCcQJ6AogCjAKTApwCoQKuArECwwLGAssAAAAAAAACAQAAAAAAAAAoAAAAAAAAAAAAAAAAAAACzQ==}
		  
}

@Article{	  connors2014,
  author	= {Connors, B. M. and Cooper, A. B. and Peterman, R. M. and
		  Dulvy, N. K.},
  doi		= {10.1098/rspb.2013.2935},
  journal	= prsb,
  number	= {1787},
  title		= {The false classification of extinction risk in noisy
		  environments},
  volume	= {281},
  year		= {2014}
}

###Article{	  connors2014,
  author	= {Connors, B. M. and Cooper, A. B. and Peterman, R. M. and
		  Dulvy, N. K.},
  date-added	= {2014-07-14 20:46:32 +0000},
  date-modified	= {2014-07-14 20:47:07 +0000},
  doi		= {10.1098/rspb.2013.2935},
  journal	= {Proc. R. Soc. Lond. B},
  number	= {1787},
  title		= {The false classification of extinction risk in noisy
		  environments},
  volume	= {281},
  year		= {2014},
  bdsk-file-1	= {YnBsaXN0MDDUAQIDBAUGJCVYJHZlcnNpb25YJG9iamVjdHNZJGFyY2hpdmVyVCR0b3ASAAGGoKgHCBMUFRYaIVUkbnVsbNMJCgsMDxJXTlMua2V5c1pOUy5vYmplY3RzViRjbGFzc6INDoACgAOiEBGABIAFgAdccmVsYXRpdmVQYXRoWWFsaWFzRGF0YV8QGS4uL1BhcGVycy9jb25ub3JzMjAxNC5wZGbSFwsYGVdOUy5kYXRhTxEBmgAAAAABmgACAAAMTWFjaW50b3NoIEhEAAAAAAAAAAAAAAAAAAAAyyPr50grAAAABXOZD2Nvbm5vcnMyMDE0LnBkZgAAAAAAAAAAAAAAAAAAAAAAAAAAAAAAAAAAAAAAAAAAAAAAAAAAAAAAAAAAAAAAAAWCZczP6Y+VUERGIAAAAAAAAQACAAAJIAAAAAAAAAAAAAAAAAAAAAZQYXBlcnMAEAAIAADLJFxnAAAAEQAIAADP6fIFAAAAAQAQAAVzmQAFD/gABHbLAADAHwACAEJNYWNpbnRvc2ggSEQ6VXNlcnM6AHNlYW5hbmRlcnNvbjoARHJvcGJveDoAUGFwZXJzOgBjb25ub3JzMjAxNC5wZGYADgAgAA8AYwBvAG4AbgBvAHIAcwAyADAAMQA0AC4AcABkAGYADwAaAAwATQBhAGMAaQBuAHQAbwBzAGgAIABIAEQAEgAxVXNlcnMvc2VhbmFuZGVyc29uL0Ryb3Bib3gvUGFwZXJzL2Nvbm5vcnMyMDE0LnBkZgAAEwABLwAAFQACABP//wAAgAbSGxwdHlokY2xhc3NuYW1lWCRjbGFzc2VzXU5TTXV0YWJsZURhdGGjHR8gVk5TRGF0YVhOU09iamVjdNIbHCIjXE5TRGljdGlvbmFyeaIiIF8QD05TS2V5ZWRBcmNoaXZlctEmJ1Ryb290gAEACAARABoAIwAtADIANwBAAEYATQBVAGAAZwBqAGwAbgBxAHMAdQB3AIQAjgCqAK8AtwJVAlcCXAJnAnACfgKCAokCkgKXAqQCpwK5ArwCwQAAAAAAAAIBAAAAAAAAACgAAAAAAAAAAAAAAAAAAALD}
		  
}

@Book{		  dancona1954,
  author	= {Umberto D'Ancona},
  date-added	= {2014-11-07 20:01:16 +0000},
  date-modified	= {2014-11-07 20:03:23 +0000},
  publisher	= {E.J. Brill},
  title		= {The Struggle for Existence},
  year		= {1954}
}

###Book{	  dancona1954,
  abstract	= {http://asantos.webs.ull.es/The%20Struggle%20for%20Existence.pdf}
		  ,
  author	= {Umberto D'Ancona},
  date-added	= {2014-11-07 20:01:16 +0000},
  date-modified	= {2014-11-07 20:03:23 +0000},
  publisher	= {E.J. Brill},
  title		= {The Struggle for Existence},
  year		= {1954}
}

@Article{	  delean2013,
  title		= {Ecologically realistic estimates of maximum population
		  growth using informed {Bayesian} priors},
  volume	= {4},
  number	= {1},
  journal	= methodsecolevol,
  author	= {Delean, Steven and Brook, Barry W. and Bradshaw, Corey J.
		  A.},
  year		= {2013},
  pages		= {34-44}
}

@Article{	  dennis2006,
  author	= {Dennis, Brian and Ponciano, Jos{\'e} Miguel and Lele,
		  Subhash R. and Taper, Mark L. and Staples, David F.},
  doi		= {10.1890/0012-9615(2006)76{$[$}323:EDDPNA{$]$}2.0.CO;2},
  journal	= ecolmonograph,
  month		= {2014/04/23},
  number	= {3},
  pages		= {323--341},
  title		= {Estimating density dependence, process noise, and
		  observation error},
  volume	= {76},
  year		= {2006}
}

@Article{	  dennis2014,
  author	= {Dennis, Brian and Ponciano, J M},
  doi		= {10.1890/13-1486.1},
  journal	= {Ecology},
  keywords	= {state-space-models},
  number	= {8},
  pages		= {2069--2076},
  title		= {Density-dependent state-space model for
		  population-abundance data with unequal time intervals},
  volume	= {95},
  year		= {2014}
}

@Article{	  denny2009,
  author	= {Denny, Mark W. and Hunt, Luke J. H. and Miller, Luke P.
		  and Harley, Christopher D. G.},
  doi		= {10.1890/08-0579.1},
  journal	= ecolmonograph,
  number	= {3},
  pages		= {397--421},
  title		= {On the prediction of extreme ecological events},
  volume	= {79},
  year		= {2009}
}

@Article{	  doak2008,
  author	= {Doak, Daniel F. and Estes, James A. and Halpern, Benjamin
		  S. and Jacob, Ute and Lindberg, David R. and Lovvorn, James
		  and Monson, Daniel H. and Tinker, M. Timothy and Williams,
		  Terrie M. and Wootton, J. Timothy and Carroll, Ian and
		  Emmerson, Mark and Micheli, Fiorenza and Novak, Mark},
  doi		= {10.1890/07-0965.1},
  journal	= {Ecology},
  keywords	= {black-swans, , uncertainty, risk, great-papers},
  number	= {4},
  pages		= {952--961},
  title		= {Understanding and Predicting Ecological Dynamics: are
		  Major Surprises Inevitable?},
  volume	= {89},
  year		= {2008}
}

@Article{	  dobson1995,
  author	= {Dobson, ANDREW and Hudson, PETER},
  doi		= {10.1111/j.1474-919X.1995.tb08463.x},
  journal	= {Ibis},
  pages		= {S87--S96},
  title		= {The interaction between the parasites and predators of Red
		  Grouse \textit{Lagopus lagopus scoticus}},
  volume	= {137},
  year		= {1995}
}

###Article{	  dobson1995,
  author	= {Dobson, ANDREW and Hudson, PETER},
  date-added	= {2014-09-19 23:07:11 +0000},
  date-modified	= {2014-09-19 23:07:35 +0000},
  doi		= {10.1111/j.1474-919X.1995.tb08463.x},
  journal	= {Ibis},
  pages		= {S87--S96},
  title		= {The interaction between the parasites and predators of Red
		  Grouse \textit{Lagopus lagopus scoticus}},
  volume	= {137},
  year		= {1995},
  bdsk-file-1	= {YnBsaXN0MDDUAQIDBAUGJCVYJHZlcnNpb25YJG9iamVjdHNZJGFyY2hpdmVyVCR0b3ASAAGGoKgHCBMUFRYaIVUkbnVsbNMJCgsMDxJXTlMua2V5c1pOUy5vYmplY3RzViRjbGFzc6INDoACgAOiEBGABIAFgAdccmVsYXRpdmVQYXRoWWFsaWFzRGF0YV8QGC4uL1BhcGVycy9kb2Jzb24xOTk1LnBkZtIXCxgZV05TLmRhdGFPEQGWAAAAAAGWAAIAAAxNYWNpbnRvc2ggSEQAAAAAAAAAAAAAAAAAAADLI+vnSCsAAAAFc5kOZG9ic29uMTk5NS5wZGYAAAAAAAAAAAAAAAAAAAAAAAAAAAAAAAAAAAAAAAAAAAAAAAAAAAAAAAAAAAAAAAAABYJmCtBCBQgAAAAAAAAAAAABAAIAAAkgAAAAAAAAAAAAAAAAAAAABlBhcGVycwAQAAgAAMskXGcAAAARAAgAANBCZ3gAAAABABAABXOZAAUP+AAEdssAAMAfAAIAQU1hY2ludG9zaCBIRDpVc2VyczoAc2VhbmFuZGVyc29uOgBEcm9wYm94OgBQYXBlcnM6AGRvYnNvbjE5OTUucGRmAAAOAB4ADgBkAG8AYgBzAG8AbgAxADkAOQA1AC4AcABkAGYADwAaAAwATQBhAGMAaQBuAHQAbwBzAGgAIABIAEQAEgAwVXNlcnMvc2VhbmFuZGVyc29uL0Ryb3Bib3gvUGFwZXJzL2RvYnNvbjE5OTUucGRmABMAAS8AABUAAgAT//8AAIAG0hscHR5aJGNsYXNzbmFtZVgkY2xhc3Nlc11OU011dGFibGVEYXRhox0fIFZOU0RhdGFYTlNPYmplY3TSGxwiI1xOU0RpY3Rpb25hcnmiIiBfEA9OU0tleWVkQXJjaGl2ZXLRJidUcm9vdIABAAgAEQAaACMALQAyADcAQABGAE0AVQBgAGcAagBsAG4AcQBzAHUAdwCEAI4AqQCuALYCUAJSAlcCYgJrAnkCfQKEAo0CkgKfAqICtAK3ArwAAAAAAAACAQAAAAAAAAAoAAAAAAAAAAAAAAAAAAACvg==}
		  
}

@Article{	  drake2014,
  author	= {Drake, John M.},
  doi		= {10.1890/13-1107.1},
  journal	= {Ecology},
  keywords	= {black-swans, extinction-risk},
  pages		= {1119--1126},
  title		= {Tail probabilities of extinction time in a large number of
		  experimental populations},
  volume	= {95},
  year		= {2014}
}

@Article{	  easterling2000,
  author	= {Easterling, David R. and Meehl, Gerald A. and Parmesan,
		  Camille and Changnon, Stanley A. and Karl, Thomas R. and
		  Mearns, Linda O.},
  doi		= {10.1126/science.289.5487.2068},
  journal	= {Science},
  number	= {5487},
  pages		= {2068--2074},
  title		= {Climate extremes: observations, modeling, and impacts},
  volume	= {289},
  year		= {2000}
}

@InCollection{	  fa1984,
  author	= {John E Fa},
  booktitle	= {The Barbary Macaque},
  date-added	= {2014-11-07 20:43:55 +0000},
  date-modified	= {2014-11-07 20:45:30 +0000},
  editor	= {John E Fa},
  pages		= {263--306},
  publisher	= {Plenum Publishing Corporation},
  address	= {New York, NY, USA},
  title		= {Structure and Dynamics of the {Barbary} Macaque Population
		  in {Gibraltar}},
  year		= {1984}
}

###InCollection{  fa1984,
  author	= {John E Fa},
  booktitle	= {The Barbary Macaque},
  date-added	= {2014-11-07 20:43:55 +0000},
  date-modified	= {2014-11-07 20:45:30 +0000},
  editor	= {John E Fa},
  pages		= {263--306},
  publisher	= {Springer-Verlag US},
  title		= {Structure and Dynamics of the {Barbary} Macaque Population
		  in {Gibraltar}},
  year		= {1984}
}

@Article{	  fernandez1998,
  author	= {C Fernandez and M F J Steel},
  journal	= jasa,
  keywords	= {black-swans;bayesian},
  number	= {441},
  pages		= {359--371},
  title		= {On {Bayesian} Modeling of Fat Tails and Skewness},
  volume	= {93},
  year		= {1998}
}

###Article{	  fernandez1998,
  author	= {C Fernandez and M F J Steel},
  date-added	= {2014-08-22 08:05:30 +0000},
  date-modified	= {2014-10-17 03:34:41 +0000},
  journal	= {J. Am. Stat. Assoc.},
  keywords	= {black-swans;bayesian},
  number	= {441},
  pages		= {359--371},
  title		= {On {Bayesian} Modeling of Fat Tails and Skewness},
  volume	= {93},
  year		= {1998},
  bdsk-file-1	= {YnBsaXN0MDDUAQIDBAUGJCVYJHZlcnNpb25YJG9iamVjdHNZJGFyY2hpdmVyVCR0b3ASAAGGoKgHCBMUFRYaIVUkbnVsbNMJCgsMDxJXTlMua2V5c1pOUy5vYmplY3RzViRjbGFzc6INDoACgAOiEBGABIAFgAdccmVsYXRpdmVQYXRoWWFsaWFzRGF0YV8QGy4uL1BhcGVycy9mZXJuYW5kZXoxOTk4LnBkZtIXCxgZV05TLmRhdGFPEQGiAAAAAAGiAAIAAAxNYWNpbnRvc2ggSEQAAAAAAAAAAAAAAAAAAADLI+vnSCsAAAAFc5kRZmVybmFuZGV6MTk5OC5wZGYAAAAAAAAAAAAAAAAAAAAAAAAAAAAAAAAAAAAAAAAAAAAAAAAAAAAAAAAAAAAABYJl7dAqBIAAAAAAAAAAAAABAAIAAAkgAAAAAAAAAAAAAAAAAAAABlBhcGVycwAQAAgAAMskXGcAAAARAAgAANAqZvAAAAABABAABXOZAAUP+AAEdssAAMAfAAIARE1hY2ludG9zaCBIRDpVc2VyczoAc2VhbmFuZGVyc29uOgBEcm9wYm94OgBQYXBlcnM6AGZlcm5hbmRlejE5OTgucGRmAA4AJAARAGYAZQByAG4AYQBuAGQAZQB6ADEAOQA5ADgALgBwAGQAZgAPABoADABNAGEAYwBpAG4AdABvAHMAaAAgAEgARAASADNVc2Vycy9zZWFuYW5kZXJzb24vRHJvcGJveC9QYXBlcnMvZmVybmFuZGV6MTk5OC5wZGYAABMAAS8AABUAAgAT//8AAIAG0hscHR5aJGNsYXNzbmFtZVgkY2xhc3Nlc11OU011dGFibGVEYXRhox0fIFZOU0RhdGFYTlNPYmplY3TSGxwiI1xOU0RpY3Rpb25hcnmiIiBfEA9OU0tleWVkQXJjaGl2ZXLRJidUcm9vdIABAAgAEQAaACMALQAyADcAQABGAE0AVQBgAGcAagBsAG4AcQBzAHUAdwCEAI4ArACxALkCXwJhAmYCcQJ6AogCjAKTApwCoQKuArECwwLGAssAAAAAAAACAQAAAAAAAAAoAAAAAAAAAAAAAAAAAAACzQ==}
		  
}

@Article{	  ferrari2004,
  author	= {Ferrari, Silvia and Cribari-Neto, Francisco},
  doi		= {10.1080/0266476042000214501},
  journal	= japplstat,
  number	= {7},
  pages		= {799--815},
  title		= {Beta Regression for Modelling Rates and Proportions},
  volume	= {31},
  year		= {2004}
}

###Article{	  ferrari2004,
  author	= {Ferrari, Silvia and Cribari-Neto, Francisco},
  date-added	= {2014-11-08 20:51:01 +0000},
  date-modified	= {2014-11-08 20:52:35 +0000},
  doi		= {10.1080/0266476042000214501},
  journal	= {J. Appl. Stat.},
  number	= {7},
  pages		= {799--815},
  title		= {Beta Regression for Modelling Rates and Proportions},
  volume	= {31},
  year		= {2004},
  bdsk-file-1	= {YnBsaXN0MDDUAQIDBAUGJCVYJHZlcnNpb25YJG9iamVjdHNZJGFyY2hpdmVyVCR0b3ASAAGGoKgHCBMUFRYaIVUkbnVsbNMJCgsMDxJXTlMua2V5c1pOUy5vYmplY3RzViRjbGFzc6INDoACgAOiEBGABIAFgAdccmVsYXRpdmVQYXRoWWFsaWFzRGF0YV8QGS4uL1BhcGVycy9mZXJyYXJpMjAwNC5wZGbSFwsYGVdOUy5kYXRhTxEBmgAAAAABmgACAAAMTWFjaW50b3NoIEhEAAAAAAAAAAAAAAAAAAAAyyPr50grAAAABXOZD2ZlcnJhcmkyMDA0LnBkZgAAAAAAAAAAAAAAAAAAAAAAAAAAAAAAAAAAAAAAAAAAAAAAAAAAAAAAAAAAAAAAAAWcsZXQg8H1AAAAAAAAAAAAAQACAAAJIAAAAAAAAAAAAAAAAAAAAAZQYXBlcnMAEAAIAADLJFxnAAAAEQAIAADQhDJ1AAAAAQAQAAVzmQAFD/gABHbLAADAHwACAEJNYWNpbnRvc2ggSEQ6VXNlcnM6AHNlYW5hbmRlcnNvbjoARHJvcGJveDoAUGFwZXJzOgBmZXJyYXJpMjAwNC5wZGYADgAgAA8AZgBlAHIAcgBhAHIAaQAyADAAMAA0AC4AcABkAGYADwAaAAwATQBhAGMAaQBuAHQAbwBzAGgAIABIAEQAEgAxVXNlcnMvc2VhbmFuZGVyc29uL0Ryb3Bib3gvUGFwZXJzL2ZlcnJhcmkyMDA0LnBkZgAAEwABLwAAFQACABP//wAAgAbSGxwdHlokY2xhc3NuYW1lWCRjbGFzc2VzXU5TTXV0YWJsZURhdGGjHR8gVk5TRGF0YVhOU09iamVjdNIbHCIjXE5TRGljdGlvbmFyeaIiIF8QD05TS2V5ZWRBcmNoaXZlctEmJ1Ryb290gAEACAARABoAIwAtADIANwBAAEYATQBVAGAAZwBqAGwAbgBxAHMAdQB3AIQAjgCqAK8AtwJVAlcCXAJnAnACfgKCAokCkgKXAqQCpwK5ArwCwQAAAAAAAAIBAAAAAAAAACgAAAAAAAAAAAAAAAAAAALD}
		  
}

@Article{	  fey2015,
  title		= {Recent shifts in the occurrence, cause, and magnitude of
		  animal mass mortality events},
  doi		= {10.1073/pnas.1414894112},
  journal	= procnatlacadsciusa,
  author	= {Fey, Samuel B. and Siepielski, Adam M. and Nussl{\'e},
		  S{\'e}bastien and Cervantes-Yoshida, Kristina and Hwan,
		  Jason L. and Huber, Eric R. and Fey, Maxfield J. and
		  Catenazzi, Alessandro and Carlson, Stephanie M.},
  year		= {2015},
  pages		= {1083--1088},
  volume	= {112},
  number	= {4}
}

@Article{	  gaines1993,
  author	= {Gaines, Steven D. and Denny, Mark W.},
  doi		= {10.2307/1939926},
  journal	= {Ecology},
  number	= {6},
  pages		= {1677--1692},
  title		= {The Largest, Smallest, Highest, Lowest, Longest, and
		  Shortest: Extremes in Ecology},
  volume	= {74},
  year		= {1993}
}

@Book{		  gelman2006a,
  address	= {Cambridge, UK},
  author	= {Andrew Gelman and Jennifer Hill},
  date-added	= {2010-04-11 18:30:21 -0300},
  date-modified	= {2014-02-11 00:29:06 +0000},
  keywords	= {multilevel-models; regression, regression},
  publisher	= {Cambridge University Press},
  title		= {Data Analysis Using Regression and Multilevel/Hierarchical
		  Models},
  year		= {2006}
}

###Book{	  gelman2006a,
  address	= {Cambridge, UK},
  author	= {Andrew Gelman and Jennifer Hill},
  date-added	= {2010-04-11 18:30:21 -0300},
  date-modified	= {2014-02-11 00:29:06 +0000},
  keywords	= {multilevel-models; regression, regression},
  publisher	= {Cambridge University Press},
  title		= {Data Analysis Using Regression and Multilevel/Hierarchical
		  Models},
  year		= {2006}
}

@Article{	  gelman2006c,
  author	= {Andrew Gelman},
  journal	= {Bayesian Analysis},
  number	= {3},
  pages		= {515--533},
  title		= {Prior distributions on variance parameters in hierarchical
		  models},
  volume	= {1},
  year		= {2006}
}

###Article{	  gelman2006c,
  author	= {Andrew Gelman},
  date-added	= {2014-03-26 19:23:51 +0000},
  date-modified	= {2014-03-26 19:25:15 +0000},
  journal	= {Bayesian Analysis},
  number	= {3},
  pages		= {515--533},
  title		= {Prior distributions on variance parameters in hierarchical
		  models},
  volume	= {1},
  year		= {2006},
  bdsk-file-1	= {YnBsaXN0MDDUAQIDBAUGJCVYJHZlcnNpb25YJG9iamVjdHNZJGFyY2hpdmVyVCR0b3ASAAGGoKgHCBMUFRYaIVUkbnVsbNMJCgsMDxJXTlMua2V5c1pOUy5vYmplY3RzViRjbGFzc6INDoACgAOiEBGABIAFgAdccmVsYXRpdmVQYXRoWWFsaWFzRGF0YV8QGS4uL1BhcGVycy9nZWxtYW4yMDA2MC5wZGbSFwsYGVdOUy5kYXRhTxEBmgAAAAABmgACAAAMTWFjaW50b3NoIEhEAAAAAAAAAAAAAAAAAAAAyyPr50grAAAABXOZD2dlbG1hbjIwMDYwLnBkZgAAAAAAAAAAAAAAAAAAAAAAAAAAAAAAAAAAAAAAAAAAAAAAAAAAAAAAAAAAAAAAAAWCZWnPWHdOAAAAAAAAAAAAAQACAAAJIAAAAAAAAAAAAAAAAAAAAAZQYXBlcnMAEAAIAADLJFxnAAAAEQAIAADPWNm+AAAAAQAQAAVzmQAFD/gABHbLAADAHwACAEJNYWNpbnRvc2ggSEQ6VXNlcnM6AHNlYW5hbmRlcnNvbjoARHJvcGJveDoAUGFwZXJzOgBnZWxtYW4yMDA2MC5wZGYADgAgAA8AZwBlAGwAbQBhAG4AMgAwADAANgAwAC4AcABkAGYADwAaAAwATQBhAGMAaQBuAHQAbwBzAGgAIABIAEQAEgAxVXNlcnMvc2VhbmFuZGVyc29uL0Ryb3Bib3gvUGFwZXJzL2dlbG1hbjIwMDYwLnBkZgAAEwABLwAAFQACABP//wAAgAbSGxwdHlokY2xhc3NuYW1lWCRjbGFzc2VzXU5TTXV0YWJsZURhdGGjHR8gVk5TRGF0YVhOU09iamVjdNIbHCIjXE5TRGljdGlvbmFyeaIiIF8QD05TS2V5ZWRBcmNoaXZlctEmJ1Ryb290gAEACAARABoAIwAtADIANwBAAEYATQBVAGAAZwBqAGwAbgBxAHMAdQB3AIQAjgCqAK8AtwJVAlcCXAJnAnACfgKCAokCkgKXAqQCpwK5ArwCwQAAAAAAAAIBAAAAAAAAACgAAAAAAAAAAAAAAAAAAALD}
		  
}

@Article{	  gelman2008c,
  author	= {Andrew Gelman},
  doi		= {10.1002/sim.3107},
  journal	= {Statist. Med. },
  pages		= {2865--2873},
  title		= {Scaling regression inputs by dividing by two standard
		  deviations},
  volume	= {27},
  year		= {2008}
}

###Article{	  gelman2008c,
  author	= {Andrew Gelman},
  date-added	= {2009-12-18 15:21:57 -0400},
  date-modified	= {2013-05-28 02:51:31 +0000},
  doi		= {10.1002/sim.3107},
  journal	= {Statist. Med. },
  keywords	= {regression},
  pages		= {2865--2873},
  title		= {Scaling regression inputs by dividing by two standard
		  deviations},
  volume	= {27},
  year		= {2008},
  bdsk-file-1	= {YnBsaXN0MDDUAQIDBAUGJCVYJHZlcnNpb25YJG9iamVjdHNZJGFyY2hpdmVyVCR0b3ASAAGGoKgHCBMUFRYaIVUkbnVsbNMJCgsMDxJXTlMua2V5c1pOUy5vYmplY3RzViRjbGFzc6INDoACgAOiEBGABIAFgAdccmVsYXRpdmVQYXRoWWFsaWFzRGF0YV8QGS4uL1BhcGVycy9nZWxtYW4yMDA4Yy5wZGbSFwsYGVdOUy5kYXRhTxEBmgAAAAABmgACAAAMTWFjaW50b3NoIEhEAAAAAAAAAAAAAAAAAAAAyyPr50grAAAABXOZD2dlbG1hbjIwMDhjLnBkZgAAAAAAAAAAAAAAAAAAAAAAAAAAAAAAAAAAAAAAAAAAAAAAAAAAAAAAAAAAAAAAAAWCXJjIzgQeAAAAAAAAAAAAAQACAAAJIAAAAAAAAAAAAAAAAAAAAAZQYXBlcnMAEAAIAADLJFxnAAAAEQAIAADIzmaOAAAAAQAQAAVzmQAFD/gABHbLAADAHwACAEJNYWNpbnRvc2ggSEQ6VXNlcnM6AHNlYW5hbmRlcnNvbjoARHJvcGJveDoAUGFwZXJzOgBnZWxtYW4yMDA4Yy5wZGYADgAgAA8AZwBlAGwAbQBhAG4AMgAwADAAOABjAC4AcABkAGYADwAaAAwATQBhAGMAaQBuAHQAbwBzAGgAIABIAEQAEgAxVXNlcnMvc2VhbmFuZGVyc29uL0Ryb3Bib3gvUGFwZXJzL2dlbG1hbjIwMDhjLnBkZgAAEwABLwAAFQACABP//wAAgAbSGxwdHlokY2xhc3NuYW1lWCRjbGFzc2VzXU5TTXV0YWJsZURhdGGjHR8gVk5TRGF0YVhOU09iamVjdNIbHCIjXE5TRGljdGlvbmFyeaIiIF8QD05TS2V5ZWRBcmNoaXZlctEmJ1Ryb290gAEACAARABoAIwAtADIANwBAAEYATQBVAGAAZwBqAGwAbgBxAHMAdQB3AIQAjgCqAK8AtwJVAlcCXAJnAnACfgKCAokCkgKXAqQCpwK5ArwCwQAAAAAAAAIBAAAAAAAAACgAAAAAAAAAAAAAAAAAAALD}
		  ,
  bdsk-url-1	= {http://dx.doi.org/10.1002/sim.3107}
}

@Article{	  gelman2008d,
  author	= {Andrew Gelman and Aleks Jakulin and Maria Grazia Pittau
		  and Yu-Sung Su},
  journal	= annapplstat,
  number	= {4},
  pages		= {1360--1383},
  title		= {A weakly informative default prior distribution for
		  logistic and other regression models},
  volume	= {2},
  year		= {2008}
}

###Article{	  gelman2008d,
  author	= {Andrew Gelman and Aleks Jakulin and Maria Grazia Pittau
		  and Yu-Sung Su},
  date-added	= {2014-10-05 23:20:32 +0000},
  date-modified	= {2014-10-05 23:23:07 +0000},
  journal	= {Ann. Appl. Stat.},
  number	= {4},
  pages		= {1360--1383},
  title		= {A weakly informative default prior distribution for
		  logistic and other regression models},
  volume	= {2},
  year		= {2008},
  bdsk-file-1	= {YnBsaXN0MDDUAQIDBAUGJCVYJHZlcnNpb25YJG9iamVjdHNZJGFyY2hpdmVyVCR0b3ASAAGGoKgHCBMUFRYaIVUkbnVsbNMJCgsMDxJXTlMua2V5c1pOUy5vYmplY3RzViRjbGFzc6INDoACgAOiEBGABIAFgAdccmVsYXRpdmVQYXRoWWFsaWFzRGF0YV8QGS4uL1BhcGVycy9nZWxtYW4yMDA4ZC5wZGbSFwsYGVdOUy5kYXRhTxEBmgAAAAABmgACAAAMTWFjaW50b3NoIEhEAAAAAAAAAAAAAAAAAAAAyyPr50grAAAABXOZD2dlbG1hbjIwMDhkLnBkZgAAAAAAAAAAAAAAAAAAAAAAAAAAAAAAAAAAAAAAAAAAAAAAAAAAAAAAAAAAAAAAAAWCZh3QVx+2AAAAAAAAAAAAAQACAAAJIAAAAAAAAAAAAAAAAAAAAAZQYXBlcnMAEAAIAADLJFxnAAAAEQAIAADQV4ImAAAAAQAQAAVzmQAFD/gABHbLAADAHwACAEJNYWNpbnRvc2ggSEQ6VXNlcnM6AHNlYW5hbmRlcnNvbjoARHJvcGJveDoAUGFwZXJzOgBnZWxtYW4yMDA4ZC5wZGYADgAgAA8AZwBlAGwAbQBhAG4AMgAwADAAOABkAC4AcABkAGYADwAaAAwATQBhAGMAaQBuAHQAbwBzAGgAIABIAEQAEgAxVXNlcnMvc2VhbmFuZGVyc29uL0Ryb3Bib3gvUGFwZXJzL2dlbG1hbjIwMDhkLnBkZgAAEwABLwAAFQACABP//wAAgAbSGxwdHlokY2xhc3NuYW1lWCRjbGFzc2VzXU5TTXV0YWJsZURhdGGjHR8gVk5TRGF0YVhOU09iamVjdNIbHCIjXE5TRGljdGlvbmFyeaIiIF8QD05TS2V5ZWRBcmNoaXZlctEmJ1Ryb290gAEACAARABoAIwAtADIANwBAAEYATQBVAGAAZwBqAGwAbgBxAHMAdQB3AIQAjgCqAK8AtwJVAlcCXAJnAnACfgKCAokCkgKXAqQCpwK5ArwCwQAAAAAAAAIBAAAAAAAAACgAAAAAAAAAAAAAAAAAAALD}
		  
}

@Misc{		  gelman2013a,
  author	= {Andrew Gelman},
  lastchecked	= {November 2014},
  title		= {How to model distributions that have outliers in one
		  direction. {URL}
		  \url{http://andrewgelman.com/2013/12/09/model-distributions-outliers-one-direction/}}
		  ,
  urldate	= {December 9 2013},
  year		= {2013}
}

@Book{		  gelman2014,
  address	= {Boca Raton, FL},
  author	= {Andrew Gelman AND John B Carlin AND H S Stern AND D B
		  Dunson AND Aki Vehtari AND D B Rubin},
  editor	= {Third edition},
  publisher	= {Chapman {\&} Hall},
  title		= {Bayesian Data Analysis},
  year		= {2014}
}

@Article{	  gerber2001,
  author	= {Gerber, Leah R. and Hilborn, Ray},
  doi		= {10.1046/j.1365-2907.2001.00081.x},
  journal	= mammalrev,
  keywords	= {black-swans; catastrophes},
  number	= {2},
  pages		= {131--150},
  title		= {Catastrophic events and recovery from low densities in
		  populations of otariids: implications for risk of
		  extinction},
  volume	= {31},
  year		= {2001}
}

@Manual{	  glmmadmb,
  title		= {{Generalized Linear Mixed Models using AD Model Builder}},
  author	= {Hans Skaug and Dave Fournier and Ben Bolker and Arni
		  Magnusson and Anders Nielsen},
  year		= {2015-01-25},
  note		= {R package version 0.8.1}
}

@Manual{	  gpdd2010,
  author	= {{NERC Centre for Population Biology, Imperial College}},
  title		= {{The Global Population Dynamics Database Version 2}},
  url		= {http://www3.imperial.ac.uk/cpb/databases/gpdd},
  year		= {2010}
}

@Article{	  halley2002,
  author	= {Halley, John and Inchausti, Pablo},
  doi		= {10.1034/j.1600-0706.2002.11962.x},
  journal	= {Oikos},
  number	= {3},
  pages		= {518--530},
  title		= {Lognormality in ecological time series},
  volume	= {99},
  year		= {2002}
}

@Article{	  harnik2012,
  author	= {Paul G. Harnik and Heike K. Lotze and Sean C. Anderson and
		  Zoe V. Finkel and Seth Finnegan and David R. Lindberg and
		  Lee Hsiang Liow and Rowan Lockwood and Craig R. McClain and
		  Jenny L. McGuire and Aaron O'Dea and John M. Pandolfi and
		  Carl Simpson and Derek P. Tittensor},
  journal	= trendsecolevolut,
  number	= {11},
  pages		= {608--617},
  title		= {Extinctions in ancient and modern seas},
  volume	= {27},
  year		= {2012}
}

@Article{	  heessen1996,
  author	= {Heessen, Henk J. L.},
  date-added	= {2014-11-07 15:58:47 +0000},
  date-modified	= {2014-11-07 18:01:33 +0000},
  journal	= icesjmarsci,
  number	= {6},
  pages		= {1079--1084},
  title		= {Time-series data for a selection of forty fish species
		  caught during the {International Bottom Trawl Survey}},
  volume	= {53},
  year		= {1996}
}

###Article{	  heessen1996,
  author	= {Heessen, Henk J. L.},
  date-added	= {2014-11-07 15:58:47 +0000},
  date-modified	= {2014-11-07 18:01:33 +0000},
  journal	= {ICES J. Mar. Sci.},
  number	= {6},
  pages		= {1079--1084},
  title		= {Time-series data for a selection of forty fish species
		  caught during the {International Bottom Trawl Survey}},
  volume	= {53},
  year		= {1996},
  bdsk-file-1	= {YnBsaXN0MDDUAQIDBAUGJCVYJHZlcnNpb25YJG9iamVjdHNZJGFyY2hpdmVyVCR0b3ASAAGGoKgHCBMUFRYaIVUkbnVsbNMJCgsMDxJXTlMua2V5c1pOUy5vYmplY3RzViRjbGFzc6INDoACgAOiEBGABIAFgAdccmVsYXRpdmVQYXRoWWFsaWFzRGF0YV8QGS4uL1BhcGVycy9oZWVzc2VuMTk5Ni5wZGbSFwsYGVdOUy5kYXRhTxEBmgAAAAABmgACAAAMTWFjaW50b3NoIEhEAAAAAAAAAAAAAAAAAAAAyyPr50grAAAABXOZD2hlZXNzZW4xOTk2LnBkZgAAAAAAAAAAAAAAAAAAAAAAAAAAAAAAAAAAAAAAAAAAAAAAAAAAAAAAAAAAAAAAAAWb2rHQgiwhAAAAAAAAAAAAAQACAAAJIAAAAAAAAAAAAAAAAAAAAAZQYXBlcnMAEAAIAADLJFxnAAAAEQAIAADQgpyhAAAAAQAQAAVzmQAFD/gABHbLAADAHwACAEJNYWNpbnRvc2ggSEQ6VXNlcnM6AHNlYW5hbmRlcnNvbjoARHJvcGJveDoAUGFwZXJzOgBoZWVzc2VuMTk5Ni5wZGYADgAgAA8AaABlAGUAcwBzAGUAbgAxADkAOQA2AC4AcABkAGYADwAaAAwATQBhAGMAaQBuAHQAbwBzAGgAIABIAEQAEgAxVXNlcnMvc2VhbmFuZGVyc29uL0Ryb3Bib3gvUGFwZXJzL2hlZXNzZW4xOTk2LnBkZgAAEwABLwAAFQACABP//wAAgAbSGxwdHlokY2xhc3NuYW1lWCRjbGFzc2VzXU5TTXV0YWJsZURhdGGjHR8gVk5TRGF0YVhOU09iamVjdNIbHCIjXE5TRGljdGlvbmFyeaIiIF8QD05TS2V5ZWRBcmNoaXZlctEmJ1Ryb290gAEACAARABoAIwAtADIANwBAAEYATQBVAGAAZwBqAGwAbgBxAHMAdQB3AIQAjgCqAK8AtwJVAlcCXAJnAnACfgKCAokCkgKXAqQCpwK5ArwCwQAAAAAAAAIBAAAAAAAAACgAAAAAAAAAAAAAAAAAAALD}
		  
}

@Article{	  hilborn2003,
  author	= {R W Hilborn and T Quinn and D Schindler and D Rogers},
  doi		= {10.1073/pnas.1037274100},
  journal	= procnatlacadsciusa,
  number	= {11},
  pages		= {6564--6568},
  title		= {Biocomplexity and fisheries sustainability},
  volume	= {100},
  year		= {2003}
}

@Article{	  hoffman2014,
  author	= {Matthew D. Hoffman and Andrew Gelman},
  journal	= jmachlearnres,
  pages		= {1593--1623},
  title		= {The {No-U-Turn Sampler}: adaptively Setting Path Lengths
		  in {Hamiltonian Monte Carlo}},
  volume	= {15},
  year		= {2014}
}

@Article{	  inchausti2002,
  author	= {P Inchausti and J Halley},
  journal	= evolecolres,
  keywords	= {black-swans; spectral-analysis; gpdd},
  pages		= {1033--1048},
  title		= {The long-term temporal variability and spectral colour of
		  animal populations},
  volume	= {4},
  year		= {2002}
}

@InCollection{	  ipcc2012,
  address	= {Cambridge, UK, and New York, NY, USA},
  author	= {{IPCC}},
  booktitle	= {A Special Report of Working Groups I and II of the
		  Intergovernmental Panel on Climate Change},
  editor	= {C B Field and V. Barros and T.F. Stocker and D. Qin and D.
		  J. Dokken and K L Ebi and M. D. Mastrandrea and K. J. Mach
		  and G.-K. Plattner and S. K. Allen and M. Tignor and P. M.
		  Midgley},
  publisher	= {Cambridge University Press},
  title		= {Managing the risks of extreme events and disasters to
		  advance climate change adaptation},
  year		= {2012}
}

@Article{	  katz2005,
  author	= {Katz, Richard W. and Brush, Grace S. and Parlange, Marc
		  B.},
  doi		= {10.1890/04-0606},
  journal	= {Ecology},
  number	= {5},
  pages		= {1124--1134},
  title		= {Statistics of extremes: modelling ecological
		  disturbances},
  volume	= {86},
  year		= {2005}
}

@Book{		  keith1963,
  address	= {Madison, WI, USA},
  author	= {L B Keith},
  date-added	= {2014-11-07 20:06:07 +0000},
  date-modified	= {2014-11-07 20:07:44 +0000},
  publisher	= {University of Wisconsin Press},
  title		= {Wildlife's Ten-Year Cycle},
  year		= {1963}
}

###Book{	  keith1963,
  address	= {Madison, WI},
  author	= {L B Keith},
  date-added	= {2014-11-07 20:06:07 +0000},
  date-modified	= {2014-11-07 20:07:44 +0000},
  publisher	= {University of Wisconsin Press},
  title		= {Wildlife's ten-year cycle},
  year		= {1963}
}

@Article{	  keitt1998,
  author	= {Keitt, Timothy H. and Stanley, H. Eugene},
  doi		= {10.1038/30478},
  journal	= {Nature},
  number	= {6682},
  pages		= {257--260},
  title		= {Dynamics of {North American} breeding bird populations},
  volume	= {393},
  year		= {1998}
}

@Book{		  kendeigh1982,
  address	= {Champaign, IL, USA},
  author	= {Kendeigh, S Charles},
  date-added	= {2014-09-20 00:08:20 +0000},
  date-modified	= {2014-11-25 02:11:51 +0000},
  publisher	= {University of Illinois Press},
  title		= {Bird Populations in East Central {Illinois}: Fluctuations,
		  Variations, and Development over a Half-Century},
  year		= {1982}
}

###Book{	  kendeigh1982,
  address	= {Champaign, IL},
  author	= {Kendeigh, S Charles},
  date-added	= {2014-09-20 00:08:20 +0000},
  date-modified	= {2014-11-25 02:11:51 +0000},
  publisher	= {University of Illinois Press},
  title		= {Bird populations in east central {Illinois}: fluctuations,
		  variations, and development over a half-century},
  year		= {1982},
  bdsk-file-1	= {YnBsaXN0MDDUAQIDBAUGJCVYJHZlcnNpb25YJG9iamVjdHNZJGFyY2hpdmVyVCR0b3ASAAGGoKgHCBMUFRYaIVUkbnVsbNMJCgsMDxJXTlMua2V5c1pOUy5vYmplY3RzViRjbGFzc6INDoACgAOiEBGABIAFgAdccmVsYXRpdmVQYXRoWWFsaWFzRGF0YV8QGi4uL1BhcGVycy9rZW5kZWlnaDE5ODIucGRm0hcLGBlXTlMuZGF0YU8RAZ4AAAAAAZ4AAgAADE1hY2ludG9zaCBIRAAAAAAAAAAAAAAAAAAAAMsj6+dIKwAAAAVzmRBrZW5kZWlnaDE5ODIucGRmAAAAAAAAAAAAAAAAAAAAAAAAAAAAAAAAAAAAAAAAAAAAAAAAAAAAAAAAAAAAAAAFgmYL0EITcAAAAAAAAAAAAAEAAgAACSAAAAAAAAAAAAAAAAAAAAAGUGFwZXJzABAACAAAyyRcZwAAABEACAAA0EJ14AAAAAEAEAAFc5kABQ/4AAR2ywAAwB8AAgBDTWFjaW50b3NoIEhEOlVzZXJzOgBzZWFuYW5kZXJzb246AERyb3Bib3g6AFBhcGVyczoAa2VuZGVpZ2gxOTgyLnBkZgAADgAiABAAawBlAG4AZABlAGkAZwBoADEAOQA4ADIALgBwAGQAZgAPABoADABNAGEAYwBpAG4AdABvAHMAaAAgAEgARAASADJVc2Vycy9zZWFuYW5kZXJzb24vRHJvcGJveC9QYXBlcnMva2VuZGVpZ2gxOTgyLnBkZgATAAEvAAAVAAIAE///AACABtIbHB0eWiRjbGFzc25hbWVYJGNsYXNzZXNdTlNNdXRhYmxlRGF0YaMdHyBWTlNEYXRhWE5TT2JqZWN00hscIiNcTlNEaWN0aW9uYXJ5oiIgXxAPTlNLZXllZEFyY2hpdmVy0SYnVHJvb3SAAQAIABEAGgAjAC0AMgA3AEAARgBNAFUAYABnAGoAbABuAHEAcwB1AHcAhACOAKsAsAC4AloCXAJhAmwCdQKDAocCjgKXApwCqQKsAr4CwQLGAAAAAAAAAgEAAAAAAAAAKAAAAAAAAAAAAAAAAAAAAsg=}
		  
}

@Manual{	  king2012,
  title		= {skewt: The Skewed {Student}-t Distribution},
  author	= {Robert King and Emily Anderson},
  year		= {2012},
  note		= {R package version 0.1},
  url		= {http://cran.r-project.org/package=skewt}
}

###Manual{	  king2012,
  title		= {skewt: The Skewed {Student}-t Distribution},
  author	= {Robert King and Emily Anderson},
  year		= {2012},
  note		= {R package version 0.1},
  url		= {http://cran.r-project.org/package=skewt}
}

@Article{	  kirby2009,
  author	= {Richard R Kirby and Gregory Beaugrand and John A Lindley},
  journal	= {Ecosystems},
  keywords	= {climate},
  number	= {4},
  pages		= {548--561},
  title		= {Synergistic Effects of Climate and Fishing in a Marine
		  Ecosystem},
  volume	= {12},
  year		= {2009}
}

@Article{	  knape2008,
  author	= {Knape, Jonas},
  doi		= {10.1890/08-0071.1},
  journal	= {Ecology},
  number	= {11},
  pages		= {2994--3000},
  title		= {Estimability of density dependence in models of time
		  series data},
  volume	= {89},
  year		= {2008}
}

###Article{	  knape2008,
  author	= {Knape, Jonas},
  date-added	= {2014-07-16 06:52:13 +0000},
  date-modified	= {2014-07-16 06:52:44 +0000},
  doi		= {10.1890/08-0071.1},
  journal	= {Ecology},
  number	= {11},
  pages		= {2994--3000},
  title		= {Estimability of density dependence in models of time
		  series data},
  volume	= {89},
  year		= {2008},
  bdsk-file-1	= {YnBsaXN0MDDUAQIDBAUGJCVYJHZlcnNpb25YJG9iamVjdHNZJGFyY2hpdmVyVCR0b3ASAAGGoKgHCBMUFRYaIVUkbnVsbNMJCgsMDxJXTlMua2V5c1pOUy5vYmplY3RzViRjbGFzc6INDoACgAOiEBGABIAFgAdccmVsYXRpdmVQYXRoWWFsaWFzRGF0YV8QFy4uL1BhcGVycy9rbmFwZTIwMDgucGRm0hcLGBlXTlMuZGF0YU8RAZIAAAAAAZIAAgAADE1hY2ludG9zaCBIRAAAAAAAAAAAAAAAAAAAAMsj6+dIKwAAAAVzmQ1rbmFwZTIwMDgucGRmAAAAAAAAAAAAAAAAAAAAAAAAAAAAAAAAAAAAAAAAAAAAAAAAAAAAAAAAAAAAAAAAAAAFgmXPz+tvJAAAAAAAAAAAAAEAAgAACSAAAAAAAAAAAAAAAAAAAAAGUGFwZXJzABAACAAAyyRcZwAAABEACAAAz+vRlAAAAAEAEAAFc5kABQ/4AAR2ywAAwB8AAgBATWFjaW50b3NoIEhEOlVzZXJzOgBzZWFuYW5kZXJzb246AERyb3Bib3g6AFBhcGVyczoAa25hcGUyMDA4LnBkZgAOABwADQBrAG4AYQBwAGUAMgAwADAAOAAuAHAAZABmAA8AGgAMAE0AYQBjAGkAbgB0AG8AcwBoACAASABEABIAL1VzZXJzL3NlYW5hbmRlcnNvbi9Ecm9wYm94L1BhcGVycy9rbmFwZTIwMDgucGRmAAATAAEvAAAVAAIAE///AACABtIbHB0eWiRjbGFzc25hbWVYJGNsYXNzZXNdTlNNdXRhYmxlRGF0YaMdHyBWTlNEYXRhWE5TT2JqZWN00hscIiNcTlNEaWN0aW9uYXJ5oiIgXxAPTlNLZXllZEFyY2hpdmVy0SYnVHJvb3SAAQAIABEAGgAjAC0AMgA3AEAARgBNAFUAYABnAGoAbABuAHEAcwB1AHcAhACOAKgArQC1AksCTQJSAl0CZgJ0AngCfwKIAo0CmgKdAq8CsgK3AAAAAAAAAgEAAAAAAAAAKAAAAAAAAAAAAAAAAAAAArk=}
		  
}

@Article{	  knape2012,
  author	= {Knape, Jonas and de Valpine, Perry},
  doi		= {10.1111/j.1461-0248.2011.01702.x},
  journal	= ecollett,
  number	= {1},
  pages		= {17--23},
  title		= {Are patterns of density dependence in the {Global
		  Population Dynamics Database} driven by uncertainty about
		  population abundance?},
  volume	= {15},
  year		= {2012}
}

###Article{	  knape2012,
  author	= {Knape, Jonas and de Valpine, Perry},
  date-added	= {2014-05-15 18:48:18 +0000},
  date-modified	= {2014-05-15 18:48:42 +0000},
  doi		= {10.1111/j.1461-0248.2011.01702.x},
  journal	= {Ecol. Lett.},
  number	= {1},
  pages		= {17--23},
  title		= {Are patterns of density dependence in the {Global
		  Population Dynamics Database} driven by uncertainty about
		  population abundance?},
  volume	= {15},
  year		= {2012},
  bdsk-file-1	= {YnBsaXN0MDDUAQIDBAUGJCVYJHZlcnNpb25YJG9iamVjdHNZJGFyY2hpdmVyVCR0b3ASAAGGoKgHCBMUFRYaIVUkbnVsbNMJCgsMDxJXTlMua2V5c1pOUy5vYmplY3RzViRjbGFzc6INDoACgAOiEBGABIAFgAdccmVsYXRpdmVQYXRoWWFsaWFzRGF0YV8QFy4uL1BhcGVycy9rbmFwZTIwMTIucGRm0hcLGBlXTlMuZGF0YU8RAZIAAAAAAZIAAgAADE1hY2ludG9zaCBIRAAAAAAAAAAAAAAAAAAAAMsj6+dIKwAAAAVzmQ1rbmFwZTIwMTIucGRmAAAAAAAAAAAAAAAAAAAAAAAAAAAAAAAAAAAAAAAAAAAAAAAAAAAAAAAAAAAAAAAAAAAFgmWaz5pZ6QAAAAAAAAAAAAEAAgAACSAAAAAAAAAAAAAAAAAAAAAGUGFwZXJzABAACAAAyyRcZwAAABEACAAAz5q8WQAAAAEAEAAFc5kABQ/4AAR2ywAAwB8AAgBATWFjaW50b3NoIEhEOlVzZXJzOgBzZWFuYW5kZXJzb246AERyb3Bib3g6AFBhcGVyczoAa25hcGUyMDEyLnBkZgAOABwADQBrAG4AYQBwAGUAMgAwADEAMgAuAHAAZABmAA8AGgAMAE0AYQBjAGkAbgB0AG8AcwBoACAASABEABIAL1VzZXJzL3NlYW5hbmRlcnNvbi9Ecm9wYm94L1BhcGVycy9rbmFwZTIwMTIucGRmAAATAAEvAAAVAAIAE///AACABtIbHB0eWiRjbGFzc25hbWVYJGNsYXNzZXNdTlNNdXRhYmxlRGF0YaMdHyBWTlNEYXRhWE5TT2JqZWN00hscIiNcTlNEaWN0aW9uYXJ5oiIgXxAPTlNLZXllZEFyY2hpdmVy0SYnVHJvb3SAAQAIABEAGgAjAC0AMgA3AEAARgBNAFUAYABnAGoAbABuAHEAcwB1AHcAhACOAKgArQC1AksCTQJSAl0CZgJ0AngCfwKIAo0CmgKdAq8CsgK3AAAAAAAAAgEAAAAAAAAAKAAAAAAAAAAAAAAAAAAAArk=}
		  
}

@Article{	  lack1969,
  author	= {Lack, David},
  date-added	= {2014-11-07 20:22:23 +0000},
  date-modified	= {2014-11-07 20:22:39 +0000},
  doi		= {10.2307/2747},
  journal	= janimecol,
  number	= {1},
  pages		= {211--218},
  title		= {Population Changes in the Land Birds of a Small Island},
  volume	= {38},
  year		= {1969}
}

###Article{	  lack1969,
  author	= {Lack, David},
  date-added	= {2014-11-07 20:22:23 +0000},
  date-modified	= {2014-11-07 20:22:39 +0000},
  doi		= {10.2307/2747},
  journal	= {J. Anim. Ecol.},
  number	= {1},
  pages		= {211--218},
  title		= {Population Changes in the Land Birds of a Small Island},
  volume	= {38},
  year		= {1969},
  bdsk-file-1	= {YnBsaXN0MDDUAQIDBAUGJCVYJHZlcnNpb25YJG9iamVjdHNZJGFyY2hpdmVyVCR0b3ASAAGGoKgHCBMUFRYaIVUkbnVsbNMJCgsMDxJXTlMua2V5c1pOUy5vYmplY3RzViRjbGFzc6INDoACgAOiEBGABIAFgAdccmVsYXRpdmVQYXRoWWFsaWFzRGF0YV8QFi4uL1BhcGVycy9sYWNrMTk2OS5wZGbSFwsYGVdOUy5kYXRhTxEBjgAAAAABjgACAAAMTWFjaW50b3NoIEhEAAAAAAAAAAAAAAAAAAAAyyPr50grAAAABXOZDGxhY2sxOTY5LnBkZgAAAAAAAAAAAAAAAAAAAAAAAAAAAAAAAAAAAAAAAAAAAAAAAAAAAAAAAAAAAAAAAAAAAAWcUf3QgmnwUERGIAAAAAAAAQACAAAJIAAAAAAAAAAAAAAAAAAAAAZQYXBlcnMAEAAIAADLJFxnAAAAEQAIAADQgtpwAAAAAQAQAAVzmQAFD/gABHbLAADAHwACAD9NYWNpbnRvc2ggSEQ6VXNlcnM6AHNlYW5hbmRlcnNvbjoARHJvcGJveDoAUGFwZXJzOgBsYWNrMTk2OS5wZGYAAA4AGgAMAGwAYQBjAGsAMQA5ADYAOQAuAHAAZABmAA8AGgAMAE0AYQBjAGkAbgB0AG8AcwBoACAASABEABIALlVzZXJzL3NlYW5hbmRlcnNvbi9Ecm9wYm94L1BhcGVycy9sYWNrMTk2OS5wZGYAEwABLwAAFQACABP//wAAgAbSGxwdHlokY2xhc3NuYW1lWCRjbGFzc2VzXU5TTXV0YWJsZURhdGGjHR8gVk5TRGF0YVhOU09iamVjdNIbHCIjXE5TRGljdGlvbmFyeaIiIF8QD05TS2V5ZWRBcmNoaXZlctEmJ1Ryb290gAEACAARABoAIwAtADIANwBAAEYATQBVAGAAZwBqAGwAbgBxAHMAdQB3AIQAjgCnAKwAtAJGAkgCTQJYAmECbwJzAnoCgwKIApUCmAKqAq0CsgAAAAAAAAIBAAAAAAAAACgAAAAAAAAAAAAAAAAAAAK0}
		  
}

@Article{	  lindenmayer2010,
  author	= {D B Lindenmayer and G E Likens and C J Krebs and R J
		  Hobbs},
  doi		= {10.1073/pnas.1015696107},
  journal	= procnatlacadsciusa,
  number	= {51},
  pages		= {21957--21962},
  title		= {Improved probability of detection of ecological
		  ``surprises''},
  uri		= {papers://1942143A-778F-48A4-8CB0-693C041639FD/Paper/p2370}
		  ,
  volume	= {107},
  year		= {2010}
}

@Article{	  lindstrom1994,
  author	= {Lindstr{\"o}m, Erik R. and Andr{\'e}n, Henrik and
		  Angelstam, Per and Cederlund, G{\"o}ran and H{\"o}rnfeldt,
		  Birger and J{\"a}derberg, Lars and Lemnell, Per-Arne and
		  Martinsson, Berit and Sk{\"o}ld, Kent and Swenson, John E.},
  date-added	= {2014-11-07 19:50:37 +0000},
  date-modified	= {2014-12-09 20:10:01 +0000},
  doi		= {10.2307/1939428},
  journal	= {Ecology},
  number	= {4},
  pages		= {1042--1049},
  title		= {Disease Reveals the Predator: sarcoptic mange, Red Fox
		  Predation, and Prey Populations},
  volume	= {75},
  year		= {1994}
}

###Article{	  lindstrom1994,
  author	= {Lindstr{\"o}m, Erik R. and Andr{\'e}n, Henrik and
		  Angelstam, Per and Cederlund, G{\"o}ran and H{\"o}rnfeldt,
		  Birger and J{\"a}derberg, Lars and Lemnell, Per-Arne and
		  Martinsson, Berit and Sk{\"o}ld, Kent and Swenson, John E.},
  date-added	= {2014-11-07 19:50:37 +0000},
  date-modified	= {2014-12-09 20:10:01 +0000},
  doi		= {10.2307/1939428},
  journal	= {Ecology},
  number	= {4},
  pages		= {1042--1049},
  title		= {Disease Reveals the Predator: sarcoptic mange, Red Fox
		  Predation, and Prey Populations},
  volume	= {75},
  year		= {1994},
  bdsk-file-1	= {YnBsaXN0MDDUAQIDBAUGJCVYJHZlcnNpb25YJG9iamVjdHNZJGFyY2hpdmVyVCR0b3ASAAGGoKgHCBMUFRYaIVUkbnVsbNMJCgsMDxJXTlMua2V5c1pOUy5vYmplY3RzViRjbGFzc6INDoACgAOiEBGABIAFgAdccmVsYXRpdmVQYXRoWWFsaWFzRGF0YV8QGy4uL1BhcGVycy9saW5kc3Ryb20xOTk0LnBkZtIXCxgZV05TLmRhdGFPEQGiAAAAAAGiAAIAAAxNYWNpbnRvc2ggSEQAAAAAAAAAAAAAAAAAAADLI+vnSCsAAAAFc5kRbGluZHN0cm9tMTk5NC5wZGYAAAAAAAAAAAAAAAAAAAAAAAAAAAAAAAAAAAAAAAAAAAAAAAAAAAAAAAAAAAAABZwAwdCCYl4AAAAAAAAAAAABAAIAAAkgAAAAAAAAAAAAAAAAAAAABlBhcGVycwAQAAgAAMskXGcAAAARAAgAANCC0t4AAAABABAABXOZAAUP+AAEdssAAMAfAAIARE1hY2ludG9zaCBIRDpVc2VyczoAc2VhbmFuZGVyc29uOgBEcm9wYm94OgBQYXBlcnM6AGxpbmRzdHJvbTE5OTQucGRmAA4AJAARAGwAaQBuAGQAcwB0AHIAbwBtADEAOQA5ADQALgBwAGQAZgAPABoADABNAGEAYwBpAG4AdABvAHMAaAAgAEgARAASADNVc2Vycy9zZWFuYW5kZXJzb24vRHJvcGJveC9QYXBlcnMvbGluZHN0cm9tMTk5NC5wZGYAABMAAS8AABUAAgAT//8AAIAG0hscHR5aJGNsYXNzbmFtZVgkY2xhc3Nlc11OU011dGFibGVEYXRhox0fIFZOU0RhdGFYTlNPYmplY3TSGxwiI1xOU0RpY3Rpb25hcnmiIiBfEA9OU0tleWVkQXJjaGl2ZXLRJidUcm9vdIABAAgAEQAaACMALQAyADcAQABGAE0AVQBgAGcAagBsAG4AcQBzAHUAdwCEAI4ArACxALkCXwJhAmYCcQJ6AogCjAKTApwCoQKuArECwwLGAssAAAAAAAACAQAAAAAAAAAoAAAAAAAAAAAAAAAAAAACzQ==}
		  
}

@Article{	  lindstrom1995,
  abstract	= {We studied 1964-1983 population dynamics of three species
		  of tetraonids, capercaillie (Tetrao urogallus), black
		  grouse (Tetrao tetrix) and hazel grouse (Bonasa bonasia) in
		  Finland. The data comprise species-specific quantitative
		  estimates of bird numbers in 11 provinces during the 20-yr
		  period. Autocorrelation functions calculated from the
		  trend-corrected data suggest that the population
		  fluctuations are cyclic in all three species, cycles most
		  frequently displaying six-yr periodicity. A model
		  acknowledging long-term trend and incorporating linear
		  combination of sine and cosine transforms of time mimics
		  the fluctuations reasonably well. The coefficients of
		  determination ranged from 25{\%} to 88{\%} depending on
		  species and province. Fitting the same model to 1897-1930
		  hunting statistics of black grouse from south-western
		  Finland indicates that such a clockwork-like dynamics has
		  been ticking at least from the beginning of this century.
		  An analysis of variance of the lengths of increase and
		  decrease phases of the population cycles further confirm
		  the symmetric regularity of the tetraonid dynamics. No
		  differences were found among species or provinces. A
		  theoretical analysis, based on projection matrix
		  techniques, shows that it is unlikely that such a regular
		  cyclicity could be driven solely by intrinsic components of
		  the population structure. The domain of other possible
		  factors responsible for the clockwork-like dynamics is
		  explored.},
  author	= {Lindstr{\"o}m, Jan and Ranta, Esa and Kaitala, Veijo and
		  Lind{\'e}n, Harto},
  date-added	= {2014-11-07 16:03:49 +0000},
  date-modified	= {2014-11-07 16:04:56 +0000},
  doi		= {10.2307/3545647},
  journal	= {Oikos},
  number	= {2},
  pages		= {185--194},
  title		= {The Clockwork of {Finnish} Tetraonid Population Dynamics},
  volume	= {74},
  year		= {1995},
  bdsk-file-1	= {YnBsaXN0MDDUAQIDBAUGJCVYJHZlcnNpb25YJG9iamVjdHNZJGFyY2hpdmVyVCR0b3ASAAGGoKgHCBMUFRYaIVUkbnVsbNMJCgsMDxJXTlMua2V5c1pOUy5vYmplY3RzViRjbGFzc6INDoACgAOiEBGABIAFgAdccmVsYXRpdmVQYXRoWWFsaWFzRGF0YV8QGy4uL1BhcGVycy9saW5kc3Ryb20xOTk1LnBkZtIXCxgZV05TLmRhdGFPEQGiAAAAAAGiAAIAAAxNYWNpbnRvc2ggSEQAAAAAAAAAAAAAAAAAAADLI+vnSCsAAAAFc5kRbGluZHN0cm9tMTk5NS5wZGYAAAAAAAAAAAAAAAAAAAAAAAAAAAAAAAAAAAAAAAAAAAAAAAAAAAAAAAAAAAAABZvbdNCCLVEAAAAAAAAAAAABAAIAAAkgAAAAAAAAAAAAAAAAAAAABlBhcGVycwAQAAgAAMskXGcAAAARAAgAANCCndEAAAABABAABXOZAAUP+AAEdssAAMAfAAIARE1hY2ludG9zaCBIRDpVc2VyczoAc2VhbmFuZGVyc29uOgBEcm9wYm94OgBQYXBlcnM6AGxpbmRzdHJvbTE5OTUucGRmAA4AJAARAGwAaQBuAGQAcwB0AHIAbwBtADEAOQA5ADUALgBwAGQAZgAPABoADABNAGEAYwBpAG4AdABvAHMAaAAgAEgARAASADNVc2Vycy9zZWFuYW5kZXJzb24vRHJvcGJveC9QYXBlcnMvbGluZHN0cm9tMTk5NS5wZGYAABMAAS8AABUAAgAT//8AAIAG0hscHR5aJGNsYXNzbmFtZVgkY2xhc3Nlc11OU011dGFibGVEYXRhox0fIFZOU0RhdGFYTlNPYmplY3TSGxwiI1xOU0RpY3Rpb25hcnmiIiBfEA9OU0tleWVkQXJjaGl2ZXLRJidUcm9vdIABAAgAEQAaACMALQAyADcAQABGAE0AVQBgAGcAagBsAG4AcQBzAHUAdwCEAI4ArACxALkCXwJhAmYCcQJ6AogCjAKTApwCoQKuArECwwLGAssAAAAAAAACAQAAAAAAAAAoAAAAAAAAAAAAAAAAAAACzQ==}
		  
}

@Book{		  loreau2010a,
  address	= {Princeton, NJ},
  author	= {Michel Loreau},
  publisher	= {Princeton University Press},
  title		= {From Populations to Ecosystems: Theoretical Foundations
		  for a New Ecological Synthesis},
  year		= {2010}
}

@Article{	  mackenzie1952,
  author	= {Mackenzie, J. M. D.},
  doi		= {10.2307/1914},
  journal	= janimecol,
  number	= {1},
  pages		= {128--153},
  title		= {Fluctuations in the Numbers of {British} Tetraonids},
  volume	= {21},
  year		= {1952}
}

###Article{	  mackenzie1952,
  author	= {Mackenzie, J. M. D.},
  date-added	= {2014-09-22 17:23:53 +0000},
  date-modified	= {2014-09-22 17:24:19 +0000},
  doi		= {10.2307/1914},
  journal	= {J. Anim. Ecol.},
  number	= {1},
  pages		= {128--153},
  title		= {Fluctuations in the Numbers of {British} Tetraonids},
  volume	= {21},
  year		= {1952},
  bdsk-file-1	= {YnBsaXN0MDDUAQIDBAUGJCVYJHZlcnNpb25YJG9iamVjdHNZJGFyY2hpdmVyVCR0b3ASAAGGoKgHCBMUFRYaIVUkbnVsbNMJCgsMDxJXTlMua2V5c1pOUy5vYmplY3RzViRjbGFzc6INDoACgAOiEBGABIAFgAdccmVsYXRpdmVQYXRoWWFsaWFzRGF0YV8QGy4uL1BhcGVycy9tYWNrZW56aWUxOTUyLnBkZtIXCxgZV05TLmRhdGFPEQGiAAAAAAGiAAIAAAxNYWNpbnRvc2ggSEQAAAAAAAAAAAAAAAAAAADLI+vnSCsAAAAFc5kRbWFja2VuemllMTk1Mi5wZGYAAAAAAAAAAAAAAAAAAAAAAAAAAAAAAAAAAAAAAAAAAAAAAAAAAAAAAAAAAAAABYJmEdBFqV0AAAAAAAAAAAABAAIAAAkgAAAAAAAAAAAAAAAAAAAABlBhcGVycwAQAAgAAMskXGcAAAARAAgAANBGC80AAAABABAABXOZAAUP+AAEdssAAMAfAAIARE1hY2ludG9zaCBIRDpVc2VyczoAc2VhbmFuZGVyc29uOgBEcm9wYm94OgBQYXBlcnM6AG1hY2tlbnppZTE5NTIucGRmAA4AJAARAG0AYQBjAGsAZQBuAHoAaQBlADEAOQA1ADIALgBwAGQAZgAPABoADABNAGEAYwBpAG4AdABvAHMAaAAgAEgARAASADNVc2Vycy9zZWFuYW5kZXJzb24vRHJvcGJveC9QYXBlcnMvbWFja2VuemllMTk1Mi5wZGYAABMAAS8AABUAAgAT//8AAIAG0hscHR5aJGNsYXNzbmFtZVgkY2xhc3Nlc11OU011dGFibGVEYXRhox0fIFZOU0RhdGFYTlNPYmplY3TSGxwiI1xOU0RpY3Rpb25hcnmiIiBfEA9OU0tleWVkQXJjaGl2ZXLRJidUcm9vdIABAAgAEQAaACMALQAyADcAQABGAE0AVQBgAGcAagBsAG4AcQBzAHUAdwCEAI4ArACxALkCXwJhAmYCcQJ6AogCjAKTApwCoQKuArECwwLGAssAAAAAAAACAQAAAAAAAAAoAAAAAAAAAAAAAAAAAAACzQ==}
		  
}

@Article{	  mangel1994,
  author	= {Mangel, Marc and Tier, Charles},
  doi		= {10.2307/1941719},
  journal	= {Ecology},
  number	= {3},
  pages		= {607--614},
  title		= {Four Facts Every Conservation Biologists Should Know about
		  Persistence},
  volume	= {75},
  year		= {1994}
}

@Article{	  markkula1965,
  author	= {M Markkula},
  date-added	= {2014-09-18 22:26:17 +0000},
  date-modified	= {2014-09-18 22:28:31 +0000},
  journal	= {Maatal Ja Koetoim},
  number	= {185--195},
  title		= {Pests of cultivated plants in {Finland} 1965},
  volume	= {20},
  year		= {1965}
}

###Article{	  markkula1965,
  author	= {M Markkula},
  date-added	= {2014-09-18 22:26:17 +0000},
  date-modified	= {2014-09-18 22:28:31 +0000},
  journal	= {Maatal Ja Koetoim},
  number	= {185--195},
  title		= {Pests of cultivated plants in {Finland} 1965},
  volume	= {20},
  year		= {1965}
}

@Article{	  may2008,
  title		= {Complex systems: ecology for bankers},
  volume	= {451},
  doi		= {10.1038/451893a},
  number	= {7181},
  journal	= {Nature},
  author	= {May, Robert M. and Levin, Simon A. and Sugihara, George},
  year		= {2008},
  pages		= {893-895}
}

@Article{	  meehl2004,
  author	= {Meehl, Gerald A. and Tebaldi, Claudia},
  doi		= {10.1126/science.1098704},
  journal	= {Science},
  number	= {5686},
  pages		= {994-997},
  title		= {More Intense, More Frequent, and Longer Lasting Heat Waves
		  in the 21st Century},
  volume	= {305},
  year		= {2004}
}

@Article{	  minot1986,
  author	= {Minot, Edward O. and Perrins, C. M.},
  date-added	= {2014-09-19 22:55:57 +0000},
  date-modified	= {2014-11-07 19:19:26 +0000},
  doi		= {10.2307/4712},
  journal	= {J. Anim. Ecol.},
  number	= {1},
  pages		= {331--350},
  title		= {Interspecific Interference Competition---Nest Sites for
		  Blue and Great Tits},
  volume	= {55},
  year		= {1986},
  bdsk-file-1	= {YnBsaXN0MDDUAQIDBAUGJCVYJHZlcnNpb25YJG9iamVjdHNZJGFyY2hpdmVyVCR0b3ASAAGGoKgHCBMUFRYaIVUkbnVsbNMJCgsMDxJXTlMua2V5c1pOUy5vYmplY3RzViRjbGFzc6INDoACgAOiEBGABIAFgAdccmVsYXRpdmVQYXRoWWFsaWFzRGF0YV8QFy4uL1BhcGVycy9taW5vdDE5ODYucGRm0hcLGBlXTlMuZGF0YU8RAZIAAAAAAZIAAgAADE1hY2ludG9zaCBIRAAAAAAAAAAAAAAAAAAAAMsj6+dIKwAAAAVzmQ1taW5vdDE5ODYucGRmAAAAAAAAAAAAAAAAAAAAAAAAAAAAAAAAAAAAAAAAAAAAAAAAAAAAAAAAAAAAAAAAAAAFgmYJ0EICdAAAAAAAAAAAAAEAAgAACSAAAAAAAAAAAAAAAAAAAAAGUGFwZXJzABAACAAAyyRcZwAAABEACAAA0EJk5AAAAAEAEAAFc5kABQ/4AAR2ywAAwB8AAgBATWFjaW50b3NoIEhEOlVzZXJzOgBzZWFuYW5kZXJzb246AERyb3Bib3g6AFBhcGVyczoAbWlub3QxOTg2LnBkZgAOABwADQBtAGkAbgBvAHQAMQA5ADgANgAuAHAAZABmAA8AGgAMAE0AYQBjAGkAbgB0AG8AcwBoACAASABEABIAL1VzZXJzL3NlYW5hbmRlcnNvbi9Ecm9wYm94L1BhcGVycy9taW5vdDE5ODYucGRmAAATAAEvAAAVAAIAE///AACABtIbHB0eWiRjbGFzc25hbWVYJGNsYXNzZXNdTlNNdXRhYmxlRGF0YaMdHyBWTlNEYXRhWE5TT2JqZWN00hscIiNcTlNEaWN0aW9uYXJ5oiIgXxAPTlNLZXllZEFyY2hpdmVy0SYnVHJvb3SAAQAIABEAGgAjAC0AMgA3AEAARgBNAFUAYABnAGoAbABuAHEAcwB1AHcAhACOAKgArQC1AksCTQJSAl0CZgJ0AngCfwKIAo0CmgKdAq8CsgK3AAAAAAAAAgEAAAAAAAAAKAAAAAAAAAAAAAAAAAAAArk=}
		  
}

@Article{	  newman2005,
  title		= {Power laws, {Pareto} distributions and {Zipf}'s law},
  volume	= {46},
  doi		= {10.1080/00107510500052444},
  number	= {5},
  journal	= {Contemporary Physics},
  author	= {Newman, M. E. J.},
  year		= {2005},
  pages		= {323--351}
}

@Article{	  newton1998,
  author	= {Newton, I. and Rothery, P. and Dale, L. C.},
  doi		= {10.1111/j.1474-919X.1998.tb04550.x},
  journal	= {Ibis},
  number	= {1},
  pages		= {131--136},
  title		= {Density-dependence in the bird populations of an oak wood
		  over 22 years},
  volume	= {140},
  year		= {1998}
}

###Article{	  newton1998,
  author	= {Newton, I. and Rothery, P. and Dale, L. C.},
  date-added	= {2014-09-22 16:26:53 +0000},
  date-modified	= {2014-10-17 03:42:06 +0000},
  doi		= {10.1111/j.1474-919X.1998.tb04550.x},
  journal	= {Ibis},
  number	= {1},
  pages		= {131--136},
  title		= {Density-dependence in the bird populations of an oak wood
		  over 22 years},
  volume	= {140},
  year		= {1998},
  bdsk-file-1	= {YnBsaXN0MDDUAQIDBAUGJCVYJHZlcnNpb25YJG9iamVjdHNZJGFyY2hpdmVyVCR0b3ASAAGGoKgHCBMUFRYaIVUkbnVsbNMJCgsMDxJXTlMua2V5c1pOUy5vYmplY3RzViRjbGFzc6INDoACgAOiEBGABIAFgAdccmVsYXRpdmVQYXRoWWFsaWFzRGF0YV8QGC4uL1BhcGVycy9uZXd0b24xOTk4LnBkZtIXCxgZV05TLmRhdGFPEQGWAAAAAAGWAAIAAAxNYWNpbnRvc2ggSEQAAAAAAAAAAAAAAAAAAADLI+vnSCsAAAAFc5kObmV3dG9uMTk5OC5wZGYAAAAAAAAAAAAAAAAAAAAAAAAAAAAAAAAAAAAAAAAAAAAAAAAAAAAAAAAAAAAAAAAABYJmDdBFm6YAAAAAAAAAAAABAAIAAAkgAAAAAAAAAAAAAAAAAAAABlBhcGVycwAQAAgAAMskXGcAAAARAAgAANBF/hYAAAABABAABXOZAAUP+AAEdssAAMAfAAIAQU1hY2ludG9zaCBIRDpVc2VyczoAc2VhbmFuZGVyc29uOgBEcm9wYm94OgBQYXBlcnM6AG5ld3RvbjE5OTgucGRmAAAOAB4ADgBuAGUAdwB0AG8AbgAxADkAOQA4AC4AcABkAGYADwAaAAwATQBhAGMAaQBuAHQAbwBzAGgAIABIAEQAEgAwVXNlcnMvc2VhbmFuZGVyc29uL0Ryb3Bib3gvUGFwZXJzL25ld3RvbjE5OTgucGRmABMAAS8AABUAAgAT//8AAIAG0hscHR5aJGNsYXNzbmFtZVgkY2xhc3Nlc11OU011dGFibGVEYXRhox0fIFZOU0RhdGFYTlNPYmplY3TSGxwiI1xOU0RpY3Rpb25hcnmiIiBfEA9OU0tleWVkQXJjaGl2ZXLRJidUcm9vdIABAAgAEQAaACMALQAyADcAQABGAE0AVQBgAGcAagBsAG4AcQBzAHUAdwCEAI4AqQCuALYCUAJSAlcCYgJrAnkCfQKEAo0CkgKfAqICtAK3ArwAAAAAAAACAQAAAAAAAAAoAAAAAAAAAAAAAAAAAAACvg==}
		  
}

@Book{		  nrc2007,
  address	= {Washington, {DC}},
  title		= {Successful Response Starts with a Map: Improving
		  Geospatial Support for Disaster Management},
  publisher	= {The National Academies Press},
  author	= {{NRC}},
  year		= {2007}
}

@Article{	  nunez2012,
  author	= {M A Nu{\~n}ez AND R Logares},
  journal	= {Ideas in Ecology and Evolution},
  pages		= {16--21},
  title		= {{Black Swans} in ecology and evolution: the importance of
		  improbable but highly influential events},
  volume	= {5},
  year		= {2012}
}

@Article{	  pine-iii2009,
  author	= {Pine III, W E AND Martell, S J D AND Walters, C J AND
		  Kitchell, J F},
  journal	= {Fisheries},
  keywords	= {black-swans},
  number	= {4},
  pages		= {165--180},
  title		= {Counterintuitive responses of fish populations to
		  management actions: some common causes and implications for
		  predictions based on ecosystem modeling},
  volume	= {34},
  year		= {2009}
}

@Article{	  potts1980,
  author	= {G R Potts and J C Coulson and I R Deans},
  journal	= janimecol,
  number	= {2},
  pages		= {465--484},
  title		= {Population Dynamics and Breeding Success of the Shag,
		  \textit{Phalacrocorax aristotelis}, on the {Farne Islands},
		  {Northumberland}},
  volume	= {49},
  year		= {1980}
}

###Article{	  potts1980,
  author	= {G R Potts and J C Coulson and I R Deans},
  date-added	= {2014-09-18 22:32:13 +0000},
  date-modified	= {2014-09-18 22:33:48 +0000},
  journal	= {J. Anim. Ecol.},
  number	= {2},
  pages		= {465--484},
  title		= {Population Dynamics and Breeding Success of the Shag,
		  \textit{Phalacrocorax aristotelis}, on the {Farne Islands},
		  {Northumberland}},
  volume	= {49},
  year		= {1980},
  bdsk-file-1	= {YnBsaXN0MDDUAQIDBAUGJCVYJHZlcnNpb25YJG9iamVjdHNZJGFyY2hpdmVyVCR0b3ASAAGGoKgHCBMUFRYaIVUkbnVsbNMJCgsMDxJXTlMua2V5c1pOUy5vYmplY3RzViRjbGFzc6INDoACgAOiEBGABIAFgAdccmVsYXRpdmVQYXRoWWFsaWFzRGF0YV8QFy4uL1BhcGVycy9wb3R0czE5ODAucGRm0hcLGBlXTlMuZGF0YU8RAZIAAAAAAZIAAgAADE1hY2ludG9zaCBIRAAAAAAAAAAAAAAAAAAAAMsj6+dIKwAAAAVzmQ1wb3R0czE5ODAucGRmAAAAAAAAAAAAAAAAAAAAAAAAAAAAAAAAAAAAAAAAAAAAAAAAAAAAAAAAAAAAAAAAAAAFgmYG0ECrZQAAAAAAAAAAAAEAAgAACSAAAAAAAAAAAAAAAAAAAAAGUGFwZXJzABAACAAAyyRcZwAAABEACAAA0EEN1QAAAAEAEAAFc5kABQ/4AAR2ywAAwB8AAgBATWFjaW50b3NoIEhEOlVzZXJzOgBzZWFuYW5kZXJzb246AERyb3Bib3g6AFBhcGVyczoAcG90dHMxOTgwLnBkZgAOABwADQBwAG8AdAB0AHMAMQA5ADgAMAAuAHAAZABmAA8AGgAMAE0AYQBjAGkAbgB0AG8AcwBoACAASABEABIAL1VzZXJzL3NlYW5hbmRlcnNvbi9Ecm9wYm94L1BhcGVycy9wb3R0czE5ODAucGRmAAATAAEvAAAVAAIAE///AACABtIbHB0eWiRjbGFzc25hbWVYJGNsYXNzZXNdTlNNdXRhYmxlRGF0YaMdHyBWTlNEYXRhWE5TT2JqZWN00hscIiNcTlNEaWN0aW9uYXJ5oiIgXxAPTlNLZXllZEFyY2hpdmVy0SYnVHJvb3SAAQAIABEAGgAjAC0AMgA3AEAARgBNAFUAYABnAGoAbABuAHEAcwB1AHcAhACOAKgArQC1AksCTQJSAl0CZgJ0AngCfwKIAo0CmgKdAq8CsgK3AAAAAAAAAgEAAAAAAAAAKAAAAAAAAAAAAAAAAAAAArk=}
		  
}

@Article{	  potts1984,
  author	= {Potts, G. R. and Tapper, S. C. and Hudson, P. J.},
  date-added	= {2014-09-22 17:16:11 +0000},
  date-modified	= {2014-12-09 20:15:32 +0000},
  doi		= {10.2307/4339},
  journal	= janimecol,
  number	= {1},
  pages		= {21--36},
  title		= {Population Fluctuations in Red Grouse: analysis of Bag
		  Records and a Simulation Model},
  volume	= {53},
  year		= {1984}
}

###Article{	  potts1984,
  author	= {Potts, G. R. and Tapper, S. C. and Hudson, P. J.},
  date-added	= {2014-09-22 17:16:11 +0000},
  date-modified	= {2014-12-09 20:15:32 +0000},
  doi		= {10.2307/4339},
  journal	= {J. Anim. Ecol.},
  number	= {1},
  pages		= {21--36},
  title		= {Population Fluctuations in Red Grouse: analysis of Bag
		  Records and a Simulation Model},
  volume	= {53},
  year		= {1984},
  bdsk-file-1	= {YnBsaXN0MDDUAQIDBAUGJCVYJHZlcnNpb25YJG9iamVjdHNZJGFyY2hpdmVyVCR0b3ASAAGGoKgHCBMUFRYaIVUkbnVsbNMJCgsMDxJXTlMua2V5c1pOUy5vYmplY3RzViRjbGFzc6INDoACgAOiEBGABIAFgAdccmVsYXRpdmVQYXRoWWFsaWFzRGF0YV8QFy4uL1BhcGVycy9wb3R0czE5ODQucGRm0hcLGBlXTlMuZGF0YU8RAZIAAAAAAZIAAgAADE1hY2ludG9zaCBIRAAAAAAAAAAAAAAAAAAAAMsj6+dIKwAAAAVzmQ1wb3R0czE5ODQucGRmAAAAAAAAAAAAAAAAAAAAAAAAAAAAAAAAAAAAAAAAAAAAAAAAAAAAAAAAAAAAAAAAAAAFm//H0EWnW1BERiAAAAAAAAEAAgAACSAAAAAAAAAAAAAAAAAAAAAGUGFwZXJzABAACAAAyyRcZwAAABEACAAA0EYJywAAAAEAEAAFc5kABQ/4AAR2ywAAwB8AAgBATWFjaW50b3NoIEhEOlVzZXJzOgBzZWFuYW5kZXJzb246AERyb3Bib3g6AFBhcGVyczoAcG90dHMxOTg0LnBkZgAOABwADQBwAG8AdAB0AHMAMQA5ADgANAAuAHAAZABmAA8AGgAMAE0AYQBjAGkAbgB0AG8AcwBoACAASABEABIAL1VzZXJzL3NlYW5hbmRlcnNvbi9Ecm9wYm94L1BhcGVycy9wb3R0czE5ODQucGRmAAATAAEvAAAVAAIAE///AACABtIbHB0eWiRjbGFzc25hbWVYJGNsYXNzZXNdTlNNdXRhYmxlRGF0YaMdHyBWTlNEYXRhWE5TT2JqZWN00hscIiNcTlNEaWN0aW9uYXJ5oiIgXxAPTlNLZXllZEFyY2hpdmVy0SYnVHJvb3SAAQAIABEAGgAjAC0AMgA3AEAARgBNAFUAYABnAGoAbABuAHEAcwB1AHcAhACOAKgArQC1AksCTQJSAl0CZgJ0AngCfwKIAo0CmgKdAq8CsgK3AAAAAAAAAgEAAAAAAAAAKAAAAAAAAAAAAAAAAAAAArk=}
		  
}

@Manual{	  r2014,
  address	= {Vienna, Austria},
  author	= {{R Core Team}},
  date-added	= {2014-09-17 20:05:05 +0000},
  date-modified	= {2014-11-04 18:53:22 +0000},
  note		= {Version 3.1.2},
  organization	= {R Foundation for Statistical Computing},
  title		= {R: A Language and Environment for Statistical Computing},
  url		= {http://www.R-project.org},
  year		= {2014},
  bdsk-url-1	= {http://www.R-project.org}
}

@Manual{	  r2015,
  address	= {Vienna, Austria},
  author	= {{R Core Team}},
  note		= {Version 3.2.0},
  organization	= {R Foundation for Statistical Computing},
  title		= {R: A Language and Environment for Statistical Computing},
  url		= {http://www.R-project.org},
  year		= {2015}
}

@Book{		  rachev2008,
  address	= {New Jersey},
  author	= {S R Rachev AND S V Stoyanov AND F J Fabozzi},
  keywords	= {portfolio-optimization},
  publisher	= {John Wiley {\&} Sons, Inc.},
  title		= {Advanced Stochastic Models, Risk Assessment, and Portfolio
		  Optimization},
  year		= {2008}
}

@Book{		  robertson1998,
  address	= {Chipping Norton, NSW, Australia},
  date-added	= {2014-11-07 18:21:10 +0000},
  date-modified	= {2014-11-25 02:14:32 +0000},
  editor	= {G. Robertson and R. Gales},
  publisher	= {Surrey Beatty \& Sons},
  title		= {Albatross Biology and Conservation},
  year		= {1998}
}

###Book{	  robertson1998,
  address	= {Chipping Norton, NSW, Australia},
  date-added	= {2014-11-07 18:21:10 +0000},
  date-modified	= {2014-11-25 02:14:32 +0000},
  editor	= {G. Robertson and R. Gales},
  publisher	= {Surrey Beatty \& Sons},
  title		= {Albatross biology and conservation},
  year		= {1998}
}

@Article{	  saucy1994,
  author	= {Saucy, Francis},
  date		= {1994},
  journal	= {Oikos},
  number	= {3},
  pages		= {381--392},
  title		= {Density Dependence in Time Series of the Fossorial Form of
		  the Water Vole, \textit{Arvicola terrestris}},
  volume	= {71},
  year		= {1994}
}

###Article{	  saucy1994,
  abstract	= {Long term population fluctuations of the fossorial form of
		  the water vole, Arvicola terrestris, can be reconstructed
		  on the basis of the rewards given to vole trappers
		  ("tail-return statistics"). Nine time series of at least 20
		  yr of continuous data recorded during the 20th century in
		  Switzerland have been analysed using time series analysis
		  and tested for direct and delayed density dependence. Seven
		  of these data sets showed cyclic changes in abundance with
		  statistically significant maxima of the periodogram for
		  periods ranging between 5 and 7 yr. Their partial
		  autocorrelation functions suggested the presence of both
		  direct or delayed density dependence in the data. This was
		  confirmed by regression analysis using the nonlinear
		  approach advocated by Turchin. In contrast, no simple
		  periodicity could be found in the two remaining time
		  series, nor indication for direct or delayed density
		  dependence in their partial autocorrelation functions.
		  However, direct density dependence was also statistically
		  demonstrated in these two data sets. In most cases, the
		  analyses were complicated by the presence of trends in the
		  data. The detection of density-dependent regulatory effects
		  was obscured by linear and nonlinear trends in one and two
		  cases, respectively. The data support the hypothesis that
		  time-delayed and nonlinear mechanisms of population
		  regulation operate in fossorial populations of A.
		  terrestris. Furthermore, the data are consistent with
		  regulatory mechanisms involving predator-prey interactions,
		  while the causation of the unusually long cycle is still an
		  open question. Finally, the presence of trends in these
		  time series suggests that water vole populations track some
		  long-term climatic changes in the environment.},
  author	= {Saucy, Francis},
  cr		= {Copyright \copyright 1994 Nordic Society Oikos},
  date		= {1994/12/01},
  date-added	= {2011-10-14 17:35:49 +0000},
  date-modified	= {2013-05-28 02:51:28 +0000},
  isbn		= {00301299},
  journal	= {Oikos},
  keywords	= {data-sources, time-series-analysis, spectral-analysis},
  m1		= {ArticleType: research-article / Full publication date:
		  Dec., 1994 / Copyright {\copyright}1994 Nordic Society
		  Oikos},
  number	= {3},
  pages		= {381--392},
  publisher	= {Blackwell Publishing on behalf of Nordic Society Oikos},
  title		= {Density Dependence in Time Series of the Fossorial Form of
		  the Water Vole, \textit{Arvicola terrestris}},
  url		= {http://www.jstor.org/stable/3545826},
  volume	= {71},
  year		= {1994},
  bdsk-file-1	= {YnBsaXN0MDDUAQIDBAUGJCVYJHZlcnNpb25YJG9iamVjdHNZJGFyY2hpdmVyVCR0b3ASAAGGoKgHCBMUFRYaIVUkbnVsbNMJCgsMDxJXTlMua2V5c1pOUy5vYmplY3RzViRjbGFzc6INDoACgAOiEBGABIAFgAdccmVsYXRpdmVQYXRoWWFsaWFzRGF0YV8QFy4uL1BhcGVycy9zYXVjeTE5OTQucGRm0hcLGBlXTlMuZGF0YU8RAZIAAAAAAZIAAgAADE1hY2ludG9zaCBIRAAAAAAAAAAAAAAAAAAAAMsj6+dIKwAAAAVzmQ1zYXVjeTE5OTQucGRmAAAAAAAAAAAAAAAAAAAAAAAAAAAAAAAAAAAAAAAAAAAAAAAAAAAAAAAAAAAAAAAAAAAFgmYPyr3AtFBERiAAAAAAAAEAAgAACSAAAAAAAAAAAAAAAAAAAAAGUGFwZXJzABAACAAAyyRcZwAAABEACAAAyr4jJAAAAAEAEAAFc5kABQ/4AAR2ywAAwB8AAgBATWFjaW50b3NoIEhEOlVzZXJzOgBzZWFuYW5kZXJzb246AERyb3Bib3g6AFBhcGVyczoAc2F1Y3kxOTk0LnBkZgAOABwADQBzAGEAdQBjAHkAMQA5ADkANAAuAHAAZABmAA8AGgAMAE0AYQBjAGkAbgB0AG8AcwBoACAASABEABIAL1VzZXJzL3NlYW5hbmRlcnNvbi9Ecm9wYm94L1BhcGVycy9zYXVjeTE5OTQucGRmAAATAAEvAAAVAAIAE///AACABtIbHB0eWiRjbGFzc25hbWVYJGNsYXNzZXNdTlNNdXRhYmxlRGF0YaMdHyBWTlNEYXRhWE5TT2JqZWN00hscIiNcTlNEaWN0aW9uYXJ5oiIgXxAPTlNLZXllZEFyY2hpdmVy0SYnVHJvb3SAAQAIABEAGgAjAC0AMgA3AEAARgBNAFUAYABnAGoAbABuAHEAcwB1AHcAhACOAKgArQC1AksCTQJSAl0CZgJ0AngCfwKIAo0CmgKdAq8CsgK3AAAAAAAAAgEAAAAAAAAAKAAAAAAAAAAAAAAAAAAAArk=}
		  ,
  bdsk-url-1	= {http://www.jstor.org/stable/3545826}
}

@Article{	  schindler2010,
  author	= {Schindler, Daniel E. and Hilborn, Ray and Chasco, Brandon
		  and Boatright, Christopher P. and Quinn, Thomas P. and
		  Rogers, Lauren A. and Webster, Michael S.},
  doi		= {10.1038/nature09060},
  journal	= {Nature},
  keywords	= {extinction-risk; portfolio-effect;},
  number	= {7298},
  pages		= {609--612},
  title		= {Population diversity and the portfolio effect in an
		  exploited species},
  volume	= {465},
  year		= {2010}
}

@Article{	  segura2013,
  author	= {Segura, A. M. and Calliari, D. and Fort, H. and Lan, B.
		  L.},
  doi		= {10.1111/j.1600-0706.2013.00493.x},
  journal	= {Oikos},
  number	= {12},
  pages		= {1739--1745},
  title		= {Fat tails in marine microbial population fluctuations},
  volume	= {122},
  year		= {2013}
}

###Article{	  segura2013,
  author	= {Segura, A. M. and Calliari, D. and Fort, H. and Lan, B.
		  L.},
  date-added	= {2014-04-13 06:10:34 +0000},
  date-modified	= {2014-04-13 06:10:45 +0000},
  doi		= {10.1111/j.1600-0706.2013.00493.x},
  journal	= {Oikos},
  number	= {12},
  pages		= {1739--1745},
  title		= {Fat tails in marine microbial population fluctuations},
  volume	= {122},
  year		= {2013},
  bdsk-file-1	= {YnBsaXN0MDDUAQIDBAUGJCVYJHZlcnNpb25YJG9iamVjdHNZJGFyY2hpdmVyVCR0b3ASAAGGoKgHCBMUFRYaIVUkbnVsbNMJCgsMDxJXTlMua2V5c1pOUy5vYmplY3RzViRjbGFzc6INDoACgAOiEBGABIAFgAdccmVsYXRpdmVQYXRoWWFsaWFzRGF0YV8QGC4uL1BhcGVycy9zZWd1cmEyMDEzLnBkZtIXCxgZV05TLmRhdGFPEQGWAAAAAAGWAAIAAAxNYWNpbnRvc2ggSEQAAAAAAAAAAAAAAAAAAADLI+vnSCsAAAAFc5kOc2VndXJhMjAxMy5wZGYAAAAAAAAAAAAAAAAAAAAAAAAAAAAAAAAAAAAAAAAAAAAAAAAAAAAAAAAAAAAAAAAABYJleM9veFMAAAAAAAAAAAABAAIAAAkgAAAAAAAAAAAAAAAAAAAABlBhcGVycwAQAAgAAMskXGcAAAARAAgAAM9v2sMAAAABABAABXOZAAUP+AAEdssAAMAfAAIAQU1hY2ludG9zaCBIRDpVc2VyczoAc2VhbmFuZGVyc29uOgBEcm9wYm94OgBQYXBlcnM6AHNlZ3VyYTIwMTMucGRmAAAOAB4ADgBzAGUAZwB1AHIAYQAyADAAMQAzAC4AcABkAGYADwAaAAwATQBhAGMAaQBuAHQAbwBzAGgAIABIAEQAEgAwVXNlcnMvc2VhbmFuZGVyc29uL0Ryb3Bib3gvUGFwZXJzL3NlZ3VyYTIwMTMucGRmABMAAS8AABUAAgAT//8AAIAG0hscHR5aJGNsYXNzbmFtZVgkY2xhc3Nlc11OU011dGFibGVEYXRhox0fIFZOU0RhdGFYTlNPYmplY3TSGxwiI1xOU0RpY3Rpb25hcnmiIiBfEA9OU0tleWVkQXJjaGl2ZXLRJidUcm9vdIABAAgAEQAaACMALQAyADcAQABGAE0AVQBgAGcAagBsAG4AcQBzAHUAdwCEAI4AqQCuALYCUAJSAlcCYgJrAnkCfQKEAo0CkgKfAqICtAK3ArwAAAAAAAACAQAAAAAAAAAoAAAAAAAAAAAAAAAAAAACvg==}
		  
}

@InCollection{	  shaughnessy1982,
  address	= {Rome, Italy},
  author	= {P D Shaughnessy},
  booktitle	= {Mammals in the Seas. Volume {IV}. Small Cetaceans, Seals,
		  Sirenians and Otters},
  pages		= {383--410},
  publisher	= {Food and Agriculture Organization of the United Nations},
  title		= {The status of seals in {South Africa} and {Namibia}},
  year		= {1982}
}

###InCollection{  shaughnessy1982,
  address	= {Rome, Italy},
  author	= {P D Shaughnessy},
  booktitle	= {Mammals in the Seas. Volume {IV}. Small Cetaceans, Seals,
		  Sirenians and Otters},
  date-added	= {2014-09-22 16:45:25 +0000},
  date-modified	= {2014-09-22 16:48:40 +0000},
  pages		= {383--410},
  publisher	= {Food and Agriculture Organization of the United Nations},
  title		= {The status of seals in {South Africa} and {Namibia}},
  year		= {1982}
}

@Article{	  sibly2005,
  abstract	= {A key unresolved question in population ecology concerns
		  the relationship between a population's size and its growth
		  rate. We estimated this relationship for 1780 time series
		  of mammals, birds, fish, and insects. We found that rates
		  of population growth are high at low population densities
		  but, contrary to previous predictions, decline rapidly with
		  increasing population size and then flatten out, for all
		  four taxa. This produces a strongly concave relationship
		  between a population's growth rate and its size. These
		  findings have fundamental implications for our
		  understanding of animals' lives, suggesting in particular
		  that many animals in these taxa will be found living at
		  densities above the carrying capacity of their
		  environments.},
  author	= {Sibly, Richard M. and Barker, Daniel and Denham, Michael
		  C. and Hone, Jim and Pagel, Mark},
  date-added	= {2014-04-24 00:00:51 +0000},
  date-modified	= {2014-04-24 00:00:59 +0000},
  doi		= {10.1126/science.1110760},
  journal	= {Science},
  number	= {5734},
  pages		= {607-610},
  title		= {On the Regulation of Populations of Mammals, Birds, Fish,
		  and Insects},
  volume	= {309},
  year		= {2005},
  bdsk-file-1	= {YnBsaXN0MDDUAQIDBAUGJCVYJHZlcnNpb25YJG9iamVjdHNZJGFyY2hpdmVyVCR0b3ASAAGGoKgHCBMUFRYaIVUkbnVsbNMJCgsMDxJXTlMua2V5c1pOUy5vYmplY3RzViRjbGFzc6INDoACgAOiEBGABIAFgAdccmVsYXRpdmVQYXRoWWFsaWFzRGF0YV8QFy4uL1BhcGVycy9zaWJseTIwMDUucGRm0hcLGBlXTlMuZGF0YU8RAZIAAAAAAZIAAgAADE1hY2ludG9zaCBIRAAAAAAAAAAAAAAAAAAAAMsj6+dIKwAAAAVzmQ1zaWJseTIwMDUucGRmAAAAAAAAAAAAAAAAAAAAAAAAAAAAAAAAAAAAAAAAAAAAAAAAAAAAAAAAAAAAAAAAAAAFgmWOz32hUAAAAAAAAAAAAAEAAgAACSAAAAAAAAAAAAAAAAAAAAAGUGFwZXJzABAACAAAyyRcZwAAABEACAAAz34DwAAAAAEAEAAFc5kABQ/4AAR2ywAAwB8AAgBATWFjaW50b3NoIEhEOlVzZXJzOgBzZWFuYW5kZXJzb246AERyb3Bib3g6AFBhcGVyczoAc2libHkyMDA1LnBkZgAOABwADQBzAGkAYgBsAHkAMgAwADAANQAuAHAAZABmAA8AGgAMAE0AYQBjAGkAbgB0AG8AcwBoACAASABEABIAL1VzZXJzL3NlYW5hbmRlcnNvbi9Ecm9wYm94L1BhcGVycy9zaWJseTIwMDUucGRmAAATAAEvAAAVAAIAE///AACABtIbHB0eWiRjbGFzc25hbWVYJGNsYXNzZXNdTlNNdXRhYmxlRGF0YaMdHyBWTlNEYXRhWE5TT2JqZWN00hscIiNcTlNEaWN0aW9uYXJ5oiIgXxAPTlNLZXllZEFyY2hpdmVy0SYnVHJvb3SAAQAIABEAGgAjAC0AMgA3AEAARgBNAFUAYABnAGoAbABuAHEAcwB1AHcAhACOAKgArQC1AksCTQJSAl0CZgJ0AngCfwKIAo0CmgKdAq8CsgK3AAAAAAAAAgEAAAAAAAAAKAAAAAAAAAAAAAAAAAAAArk=}
		  
}

@Misc{		  som,
  title		= {See supplementary materials on \textit{Science} {Online}}
}

@Article{	  sornette2009,
  author	= {Didier Sornette},
  journal	= {International Journal of Terraspace Science and
		  Engineering},
  number	= {1},
  pages		= {1--18},
  title		= {Dragon-Kings, Black Swans and the Prediction of Crises},
  volume	= {2},
  year		= {2009}
}

@Article{	  stafford1971,
  author	= {J Stafford},
  journal	= {Bird Study},
  number	= {4},
  pages		= {218--221},
  title		= {The Heron Population of {England} and {Wales}},
  volume	= {18},
  year		= {1971}
}

###Article{	  stafford1971,
  author	= {J Stafford},
  date-added	= {2014-09-18 22:35:02 +0000},
  date-modified	= {2014-09-18 22:36:01 +0000},
  journal	= {Bird Study},
  number	= {4},
  pages		= {218--221},
  title		= {The Heron Population of {England} and {Wales}},
  volume	= {18},
  year		= {1971},
  bdsk-file-1	= {YnBsaXN0MDDUAQIDBAUGJCVYJHZlcnNpb25YJG9iamVjdHNZJGFyY2hpdmVyVCR0b3ASAAGGoKgHCBMUFRYaIVUkbnVsbNMJCgsMDxJXTlMua2V5c1pOUy5vYmplY3RzViRjbGFzc6INDoACgAOiEBGABIAFgAdccmVsYXRpdmVQYXRoWWFsaWFzRGF0YV8QGi4uL1BhcGVycy9zdGFmZm9yZDE5NzEucGRm0hcLGBlXTlMuZGF0YU8RAZ4AAAAAAZ4AAgAADE1hY2ludG9zaCBIRAAAAAAAAAAAAAAAAAAAAMsj6+dIKwAAAAVzmRBzdGFmZm9yZDE5NzEucGRmAAAAAAAAAAAAAAAAAAAAAAAAAAAAAAAAAAAAAAAAAAAAAAAAAAAAAAAAAAAAAAAFgmYH0ECsGgAAAAAAAAAAAAEAAgAACSAAAAAAAAAAAAAAAAAAAAAGUGFwZXJzABAACAAAyyRcZwAAABEACAAA0EEOigAAAAEAEAAFc5kABQ/4AAR2ywAAwB8AAgBDTWFjaW50b3NoIEhEOlVzZXJzOgBzZWFuYW5kZXJzb246AERyb3Bib3g6AFBhcGVyczoAc3RhZmZvcmQxOTcxLnBkZgAADgAiABAAcwB0AGEAZgBmAG8AcgBkADEAOQA3ADEALgBwAGQAZgAPABoADABNAGEAYwBpAG4AdABvAHMAaAAgAEgARAASADJVc2Vycy9zZWFuYW5kZXJzb24vRHJvcGJveC9QYXBlcnMvc3RhZmZvcmQxOTcxLnBkZgATAAEvAAAVAAIAE///AACABtIbHB0eWiRjbGFzc25hbWVYJGNsYXNzZXNdTlNNdXRhYmxlRGF0YaMdHyBWTlNEYXRhWE5TT2JqZWN00hscIiNcTlNEaWN0aW9uYXJ5oiIgXxAPTlNLZXllZEFyY2hpdmVy0SYnVHJvb3SAAQAIABEAGgAjAC0AMgA3AEAARgBNAFUAYABnAGoAbABuAHEAcwB1AHcAhACOAKsAsAC4AloCXAJhAmwCdQKDAocCjgKXApwCqQKsAr4CwQLGAAAAAAAAAgEAAAAAAAAAKAAAAAAAAAAAAAAAAAAAAsg=}
		  
}

@Manual{	  stan-manual2014,
  author	= {{Stan Development Team}},
  title		= {Stan Modeling Language Users Guide and Reference Manual,
		  Version 2.4.0},
  url		= {http://mc-stan.org/},
  year		= {2014}
}

@Manual{	  stan-manual2015,
  author	= {{Stan Development Team}},
  title		= {Stan Modeling Language User's Guide and Reference Manual,
		  Version 2.6.0},
  url		= {http://mc-stan.org/},
  year		= {2015}
}

@Book{		  taleb2007,
  author	= {Taleb, Nassim Nicholas},
  publisher	= {Random House},
  title		= {The Black Swan: The Impact of the Highly Improbable},
  year		= {2007}
}

@Article{	  thibaut2012,
  abstract	= {Biodiversity may provide insurance against ecosystem
		  collapse by stabilizing assemblages that perform particular
		  ecological functions (the "portfolio effect"). However, the
		  extent to which this occurs in nature, and the importance
		  of different mechanisms that generate portfolio effects,
		  remains controversial. On coral reefs, herbivory helps
		  maintain coral dominated states, so volatility in levels of
		  herbivory has important implications for reef ecosystems.
		  Here we use an extensive time series of abundances on 35
		  reefs of the Great Barrier Reef of Australia to quantify
		  the strength of the portfolio effect for herbivorous
		  fishes. Then, we disentangle the contributions of two
		  mechanisms that underlie it: compensatory interactions, and
		  differential responses to environmental fluctuations
		  ("response diversity"), by fitting a community-dynamic
		  model than explicitly includes terms for both mechanisms.
		  We find that portfolio effects operate strongly in
		  herbivorous fishes, as shown by nearly independent
		  fluctuations in abundances over time. Moreover, we find
		  strong evidence for high response diversity, with nearly
		  independent responses to environmental fluctuations. In
		  contrast, we found little evidence that the portfolio
		  effect in this system was enhanced by compensatory
		  ecological interactions. Our results show that portfolio
		  effects are driven principally by response diversity for
		  herbivorous fishes on coral reefs. We conclude that
		  portfolio effects can be very strong in nature, and that,
		  for coral reefs in particular, response diversity on coral
		  reefs may help maintain herbivory above the threshold
		  levels that trigger regime shifts.},
  author	= {Thibaut, Lo{\"\i}c and Connolly, Sean R. and Sweatman,
		  Hugh P. A.},
  date-added	= {2011-11-28 19:35:52 +0000},
  date-modified	= {2013-05-28 02:51:28 +0000},
  doi		= {10.1890/11-1753.1},
  journal	= {Ecology},
  number	= {4},
  pages		= {891-901},
  title		= {Diversity and stability of herbivorous fishes on coral
		  reefs},
  volume	= {93},
  year		= {2012}
}

###Article{	  thibaut2012,
  abstract	= {Biodiversity may provide insurance against ecosystem
		  collapse by stabilizing assemblages that perform particular
		  ecological functions (the "portfolio effect"). However, the
		  extent to which this occurs in nature, and the importance
		  of different mechanisms that generate portfolio effects,
		  remains controversial. On coral reefs, herbivory helps
		  maintain coral dominated states, so volatility in levels of
		  herbivory has important implications for reef ecosystems.
		  Here we use an extensive time series of abundances on 35
		  reefs of the Great Barrier Reef of Australia to quantify
		  the strength of the portfolio effect for herbivorous
		  fishes. Then, we disentangle the contributions of two
		  mechanisms that underlie it: compensatory interactions, and
		  differential responses to environmental fluctuations
		  ("response diversity"), by fitting a community-dynamic
		  model than explicitly includes terms for both mechanisms.
		  We find that portfolio effects operate strongly in
		  herbivorous fishes, as shown by nearly independent
		  fluctuations in abundances over time. Moreover, we find
		  strong evidence for high response diversity, with nearly
		  independent responses to environmental fluctuations. In
		  contrast, we found little evidence that the portfolio
		  effect in this system was enhanced by compensatory
		  ecological interactions. Our results show that portfolio
		  effects are driven principally by response diversity for
		  herbivorous fishes on coral reefs. We conclude that
		  portfolio effects can be very strong in nature, and that,
		  for coral reefs in particular, response diversity on coral
		  reefs may help maintain herbivory above the threshold
		  levels that trigger regime shifts.},
  author	= {Thibaut, Lo{\"\i}c and Connolly, Sean R. and Sweatman,
		  Hugh P. A.},
  date-added	= {2011-11-28 19:35:52 +0000},
  date-modified	= {2013-05-28 02:51:28 +0000},
  doi		= {10.1890/11-1753.1},
  journal	= {Ecology},
  number	= {4},
  pages		= {891-901},
  title		= {Diversity and stability of herbivorous fishes on coral
		  reefs},
  volume	= {93},
  year		= {2012},
  bdsk-file-1	= {YnBsaXN0MDDUAQIDBAUGJCVYJHZlcnNpb25YJG9iamVjdHNZJGFyY2hpdmVyVCR0b3ASAAGGoKgHCBMUFRYaIVUkbnVsbNMJCgsMDxJXTlMua2V5c1pOUy5vYmplY3RzViRjbGFzc6INDoACgAOiEBGABIAFgAdccmVsYXRpdmVQYXRoWWFsaWFzRGF0YV8QGS4uL1BhcGVycy90aGliYXV0MjAxMi5wZGbSFwsYGVdOUy5kYXRhTxEBmgAAAAABmgACAAAMTWFjaW50b3NoIEhEAAAAAAAAAAAAAAAAAAAAyyPr50grAAAABXOZD3RoaWJhdXQyMDEyLnBkZgAAAAAAAAAAAAAAAAAAAAAAAAAAAAAAAAAAAAAAAAAAAAAAAAAAAAAAAAAAAAAAAAWCZdDK+SLdUERGIAAAAAAAAQACAAAJIAAAAAAAAAAAAAAAAAAAAAZQYXBlcnMAEAAIAADLJFxnAAAAEQAIAADK+ZNdAAAAAQAQAAVzmQAFD/gABHbLAADAHwACAEJNYWNpbnRvc2ggSEQ6VXNlcnM6AHNlYW5hbmRlcnNvbjoARHJvcGJveDoAUGFwZXJzOgB0aGliYXV0MjAxMi5wZGYADgAgAA8AdABoAGkAYgBhAHUAdAAyADAAMQAyAC4AcABkAGYADwAaAAwATQBhAGMAaQBuAHQAbwBzAGgAIABIAEQAEgAxVXNlcnMvc2VhbmFuZGVyc29uL0Ryb3Bib3gvUGFwZXJzL3RoaWJhdXQyMDEyLnBkZgAAEwABLwAAFQACABP//wAAgAbSGxwdHlokY2xhc3NuYW1lWCRjbGFzc2VzXU5TTXV0YWJsZURhdGGjHR8gVk5TRGF0YVhOU09iamVjdNIbHCIjXE5TRGljdGlvbmFyeaIiIF8QD05TS2V5ZWRBcmNoaXZlctEmJ1Ryb290gAEACAARABoAIwAtADIANwBAAEYATQBVAGAAZwBqAGwAbgBxAHMAdQB3AIQAjgCqAK8AtwJVAlcCXAJnAnACfgKCAokCkgKXAqQCpwK5ArwCwQAAAAAAAAIBAAAAAAAAACgAAAAAAAAAAAAAAAAAAALD}
		  ,
  bdsk-url-1	= {http://dx.doi.org/10.1890/11-1753.1}
}

@Article{	  thompson2013,
  author	= {Thompson, Ross M. and Beardall, John and Beringer, Jason
		  and Grace, Mike and Sardina, Paula},
  doi		= {10.1111/ele.12095},
  journal	= ecollett,
  keywords	= {thermal-tolerance; black-swans; climate-change;
		  climate-variability; climate-simulation},
  number	= {6},
  pages		= {799--806},
  title		= {Means and extremes: building variability into
		  community-level climate change experiments},
  volume	= {16},
  year		= {2013}
}

@Article{	  thorson2014a,
  author	= {Thorson, James T. and Jensen, Olaf P. and Zipkin, Elise
		  F.},
  doi		= {10.1139/cjfas-2013-0645},
  journal	= cjfas,
  number	= {7},
  pages		= {973--983},
  title		= {How variable is recruitment for exploited marine fishes?
		  {A} hierarchical model for testing life history theory},
  volume	= {71},
  year		= {2014}
}

###Article{	  thorson2014a,
  author	= {Thorson, James T. and Jensen, Olaf P. and Zipkin, Elise
		  F.},
  date-added	= {2014-05-14 18:26:50 +0000},
  date-modified	= {2014-07-08 21:17:01 +0000},
  doi		= {10.1139/cjfas-2013-0645},
  journal	= {Can. J. Fish. Aquat. Sci.},
  number	= {7},
  pages		= {973--983},
  title		= {How variable is recruitment for exploited marine fishes? A
		  hierarchical model for testing life history theory},
  volume	= {71},
  year		= {2014},
  bdsk-file-1	= {YnBsaXN0MDDUAQIDBAUGJCVYJHZlcnNpb25YJG9iamVjdHNZJGFyY2hpdmVyVCR0b3ASAAGGoKgHCBMUFRYaIVUkbnVsbNMJCgsMDxJXTlMua2V5c1pOUy5vYmplY3RzViRjbGFzc6INDoACgAOiEBGABIAFgAdccmVsYXRpdmVQYXRoWWFsaWFzRGF0YV8QGi4uL1BhcGVycy90aG9yc29uMjAxNGEucGRm0hcLGBlXTlMuZGF0YU8RAZ4AAAAAAZ4AAgAADE1hY2ludG9zaCBIRAAAAAAAAAAAAAAAAAAAAMsj6+dIKwAAAAVzmRB0aG9yc29uMjAxNGEucGRmAAAAAAAAAAAAAAAAAAAAAAAAAAAAAAAAAAAAAAAAAAAAAAAAAAAAAAAAAAAAAAAFgmWXz5kDYQAAAAAAAAAAAAEAAgAACSAAAAAAAAAAAAAAAAAAAAAGUGFwZXJzABAACAAAyyRcZwAAABEACAAAz5ll0QAAAAEAEAAFc5kABQ/4AAR2ywAAwB8AAgBDTWFjaW50b3NoIEhEOlVzZXJzOgBzZWFuYW5kZXJzb246AERyb3Bib3g6AFBhcGVyczoAdGhvcnNvbjIwMTRhLnBkZgAADgAiABAAdABoAG8AcgBzAG8AbgAyADAAMQA0AGEALgBwAGQAZgAPABoADABNAGEAYwBpAG4AdABvAHMAaAAgAEgARAASADJVc2Vycy9zZWFuYW5kZXJzb24vRHJvcGJveC9QYXBlcnMvdGhvcnNvbjIwMTRhLnBkZgATAAEvAAAVAAIAE///AACABtIbHB0eWiRjbGFzc25hbWVYJGNsYXNzZXNdTlNNdXRhYmxlRGF0YaMdHyBWTlNEYXRhWE5TT2JqZWN00hscIiNcTlNEaWN0aW9uYXJ5oiIgXxAPTlNLZXllZEFyY2hpdmVy0SYnVHJvb3SAAQAIABEAGgAjAC0AMgA3AEAARgBNAFUAYABnAGoAbABuAHEAcwB1AHcAhACOAKsAsAC4AloCXAJhAmwCdQKDAocCjgKXApwCqQKsAr4CwQLGAAAAAAAAAgEAAAAAAAAAKAAAAAAAAAAAAAAAAAAAAsg=}
		  
}

@Article{	  thorson2014b,
  author	= {Thorson, James T. and Ono, Kotaro and Munch, Stephan B.},
  doi		= {10.1890/13-0187.1},
  journal	= {Ecology},
  number	= {2},
  pages		= {329--341},
  title		= {A {Bayesian} approach to identifying and compensating for
		  model misspecification in population models},
  volume	= {95},
  year		= {2014}
}

###Article{	  thorson2014b,
  annote	= {doi: 10.1890/13-0187.1},
  author	= {Thorson, James T. and Ono, Kotaro and Munch, Stephan B.},
  date-added	= {2014-07-15 21:05:11 +0000},
  date-modified	= {2014-07-15 21:05:45 +0000},
  doi		= {10.1890/13-0187.1},
  journal	= {Ecology},
  number	= {2},
  pages		= {329--341},
  title		= {A {Bayesian} approach to identifying and compensating for
		  model misspecification in population models},
  volume	= {95},
  year		= {2014},
  bdsk-file-1	= {YnBsaXN0MDDUAQIDBAUGJCVYJHZlcnNpb25YJG9iamVjdHNZJGFyY2hpdmVyVCR0b3ASAAGGoKgHCBMUFRYaIVUkbnVsbNMJCgsMDxJXTlMua2V5c1pOUy5vYmplY3RzViRjbGFzc6INDoACgAOiEBGABIAFgAdccmVsYXRpdmVQYXRoWWFsaWFzRGF0YV8QGi4uL1BhcGVycy90aG9yc29uMjAxNGIucGRm0hcLGBlXTlMuZGF0YU8RAZ4AAAAAAZ4AAgAADE1hY2ludG9zaCBIRAAAAAAAAAAAAAAAAAAAAMsj6+dIKwAAAAVzmRB0aG9yc29uMjAxNGIucGRmAAAAAAAAAAAAAAAAAAAAAAAAAAAAAAAAAAAAAAAAAAAAAAAAAAAAAAAAAAAAAAAFgmXOz+rlwgAAAAAAAAAAAAEAAgAACSAAAAAAAAAAAAAAAAAAAAAGUGFwZXJzABAACAAAyyRcZwAAABEACAAAz+tIMgAAAAEAEAAFc5kABQ/4AAR2ywAAwB8AAgBDTWFjaW50b3NoIEhEOlVzZXJzOgBzZWFuYW5kZXJzb246AERyb3Bib3g6AFBhcGVyczoAdGhvcnNvbjIwMTRiLnBkZgAADgAiABAAdABoAG8AcgBzAG8AbgAyADAAMQA0AGIALgBwAGQAZgAPABoADABNAGEAYwBpAG4AdABvAHMAaAAgAEgARAASADJVc2Vycy9zZWFuYW5kZXJzb24vRHJvcGJveC9QYXBlcnMvdGhvcnNvbjIwMTRiLnBkZgATAAEvAAAVAAIAE///AACABtIbHB0eWiRjbGFzc25hbWVYJGNsYXNzZXNdTlNNdXRhYmxlRGF0YaMdHyBWTlNEYXRhWE5TT2JqZWN00hscIiNcTlNEaWN0aW9uYXJ5oiIgXxAPTlNLZXllZEFyY2hpdmVy0SYnVHJvb3SAAQAIABEAGgAjAC0AMgA3AEAARgBNAFUAYABnAGoAbABuAHEAcwB1AHcAhACOAKsAsAC4AloCXAJhAmwCdQKDAocCjgKXApwCqQKsAr4CwQLGAAAAAAAAAgEAAAAAAAAAKAAAAAAAAAAAAAAAAAAAAsg=}
		  
}

@Article{	  valpine2002,
  author	= {de Valpine, Perry and Hastings, Alan},
  doi		= {10.1890/0012-9615(2002)072{$[$}0057:FPMIPN{$]$}2.0.CO;2},
  journal	= ecolmono,
  number	= {1},
  pages		= {57--76},
  title		= {Fitting population models incorporating process noise and
		  observation error},
  volume	= {72},
  year		= {2002}
}

###Article{	  valpine2002,
  author	= {de Valpine, Perry and Hastings, Alan},
  date-added	= {2014-08-21 00:14:47 +0000},
  date-modified	= {2014-08-21 00:15:29 +0000},
  doi		= {10.1890/0012-9615(2002)072{$[$}0057:FPMIPN{$]$}2.0.CO;2},
  journal	= {Ecol. Monograph.},
  keywords	= {state-space-models},
  number	= {1},
  pages		= {57--76},
  title		= {Fitting population models incorporating process noise and
		  observation error},
  volume	= {72},
  year		= {2002},
  bdsk-file-1	= {YnBsaXN0MDDUAQIDBAUGJCVYJHZlcnNpb25YJG9iamVjdHNZJGFyY2hpdmVyVCR0b3ASAAGGoKgHCBMUFRYaIVUkbnVsbNMJCgsMDxJXTlMua2V5c1pOUy5vYmplY3RzViRjbGFzc6INDoACgAOiEBGABIAFgAdccmVsYXRpdmVQYXRoWWFsaWFzRGF0YV8QGS4uL1BhcGVycy92YWxwaW5lMjAwMi5wZGbSFwsYGVdOUy5kYXRhTxEBmgAAAAABmgACAAAMTWFjaW50b3NoIEhEAAAAAAAAAAAAAAAAAAAAyyPr50grAAAABXOZD3ZhbHBpbmUyMDAyLnBkZgAAAAAAAAAAAAAAAAAAAAAAAAAAAAAAAAAAAAAAAAAAAAAAAAAAAAAAAAAAAAAAAAWCZejQGoeZAAAAAAAAAAAAAQACAAAJIAAAAAAAAAAAAAAAAAAAAAZQYXBlcnMAEAAIAADLJFxnAAAAEQAIAADQGuoJAAAAAQAQAAVzmQAFD/gABHbLAADAHwACAEJNYWNpbnRvc2ggSEQ6VXNlcnM6AHNlYW5hbmRlcnNvbjoARHJvcGJveDoAUGFwZXJzOgB2YWxwaW5lMjAwMi5wZGYADgAgAA8AdgBhAGwAcABpAG4AZQAyADAAMAAyAC4AcABkAGYADwAaAAwATQBhAGMAaQBuAHQAbwBzAGgAIABIAEQAEgAxVXNlcnMvc2VhbmFuZGVyc29uL0Ryb3Bib3gvUGFwZXJzL3ZhbHBpbmUyMDAyLnBkZgAAEwABLwAAFQACABP//wAAgAbSGxwdHlokY2xhc3NuYW1lWCRjbGFzc2VzXU5TTXV0YWJsZURhdGGjHR8gVk5TRGF0YVhOU09iamVjdNIbHCIjXE5TRGljdGlvbmFyeaIiIF8QD05TS2V5ZWRBcmNoaXZlctEmJ1Ryb290gAEACAARABoAIwAtADIANwBAAEYATQBVAGAAZwBqAGwAbgBxAHMAdQB3AIQAjgCqAK8AtwJVAlcCXAJnAnACfgKCAokCkgKXAqQCpwK5ArwCwQAAAAAAAAIBAAAAAAAAACgAAAAAAAAAAAAAAAAAAALD}
		  
}

@Article{	  ward2007,
  author	= {Ward, Eric J and Hilborn, Ray and Towell, Rod G and
		  Gerber, Leah},
  doi		= {10.1139/f07-060},
  journal	= cjfas,
  keywords	= {black-swans; catastrophes; state-space-models; bayesian;
		  dic; model-selection},
  number	= {6},
  pages		= {899--910},
  title		= {A state--space mixture approach for estimating
		  catastrophic events in time series data},
  volume	= {64},
  year		= {2007}
}

###Article{	  ward2007,
  author	= {Ward, Eric J and Hilborn, Ray and Towell, Rod G and
		  Gerber, Leah},
  date-added	= {2014-08-28 17:53:13 +0000},
  date-modified	= {2014-08-28 17:53:55 +0000},
  doi		= {10.1139/f07-060},
  journal	= {Can. J. Fish. Aquat. Sci.},
  keywords	= {black-swans; catastrophes; state-space-models; bayesian;
		  dic; model-selection},
  number	= {6},
  pages		= {899--910},
  title		= {A state--space mixture approach for estimating
		  catastrophic events in time series data},
  volume	= {64},
  year		= {2007},
  bdsk-file-1	= {YnBsaXN0MDDUAQIDBAUGJCVYJHZlcnNpb25YJG9iamVjdHNZJGFyY2hpdmVyVCR0b3ASAAGGoKgHCBMUFRYaIVUkbnVsbNMJCgsMDxJXTlMua2V5c1pOUy5vYmplY3RzViRjbGFzc6INDoACgAOiEBGABIAFgAdccmVsYXRpdmVQYXRoWWFsaWFzRGF0YV8QFi4uL1BhcGVycy93YXJkMjAwNy5wZGbSFwsYGVdOUy5kYXRhTxEBjgAAAAABjgACAAAMTWFjaW50b3NoIEhEAAAAAAAAAAAAAAAAAAAAyyPr50grAAAABXOZDHdhcmQyMDA3LnBkZgAAAAAAAAAAAAAAAAAAAAAAAAAAAAAAAAAAAAAAAAAAAAAAAAAAAAAAAAAAAAAAAAAAAAWCZezQJLp7AAAAAAAAAAAAAQACAAAJIAAAAAAAAAAAAAAAAAAAAAZQYXBlcnMAEAAIAADLJFxnAAAAEQAIAADQJRzrAAAAAQAQAAVzmQAFD/gABHbLAADAHwACAD9NYWNpbnRvc2ggSEQ6VXNlcnM6AHNlYW5hbmRlcnNvbjoARHJvcGJveDoAUGFwZXJzOgB3YXJkMjAwNy5wZGYAAA4AGgAMAHcAYQByAGQAMgAwADAANwAuAHAAZABmAA8AGgAMAE0AYQBjAGkAbgB0AG8AcwBoACAASABEABIALlVzZXJzL3NlYW5hbmRlcnNvbi9Ecm9wYm94L1BhcGVycy93YXJkMjAwNy5wZGYAEwABLwAAFQACABP//wAAgAbSGxwdHlokY2xhc3NuYW1lWCRjbGFzc2VzXU5TTXV0YWJsZURhdGGjHR8gVk5TRGF0YVhOU09iamVjdNIbHCIjXE5TRGljdGlvbmFyeaIiIF8QD05TS2V5ZWRBcmNoaXZlctEmJ1Ryb290gAEACAARABoAIwAtADIANwBAAEYATQBVAGAAZwBqAGwAbgBxAHMAdQB3AIQAjgCnAKwAtAJGAkgCTQJYAmECbwJzAnoCgwKIApUCmAKqAq0CsgAAAAAAAAIBAAAAAAAAACgAAAAAAAAAAAAAAAAAAAK0}
		  
}

@Article{	  williams1954,
  author	= {Williams, G. R.},
  date-added	= {2014-11-07 18:31:24 +0000},
  date-modified	= {2014-11-09 00:27:12 +0000},
  doi		= {10.2307/1658},
  journal	= janimecol,
  number	= {1},
  pages		= {1--34},
  title		= {Population Fluctuations in Some {Northern Hemisphere} Game
		  Birds ({Tetraonidae})},
  volume	= {23},
  year		= {1954}
}

###Article{	  williams1954,
  author	= {Williams, G. R.},
  date-added	= {2014-11-07 18:31:24 +0000},
  date-modified	= {2014-11-09 00:27:12 +0000},
  doi		= {10.2307/1658},
  journal	= {J. Anim. Ecol.},
  number	= {1},
  pages		= {1--34},
  title		= {Population Fluctuations in Some {Northern Hemisphere} Game
		  Birds ({Tetraonidae})},
  volume	= {23},
  year		= {1954},
  bdsk-file-1	= {YnBsaXN0MDDUAQIDBAUGJCVYJHZlcnNpb25YJG9iamVjdHNZJGFyY2hpdmVyVCR0b3ASAAGGoKgHCBMUFRYaIVUkbnVsbNMJCgsMDxJXTlMua2V5c1pOUy5vYmplY3RzViRjbGFzc6INDoACgAOiEBGABIAFgAdccmVsYXRpdmVQYXRoWWFsaWFzRGF0YV8QGi4uL1BhcGVycy93aWxsaWFtczE5NTQucGRm0hcLGBlXTlMuZGF0YU8RAZ4AAAAAAZ4AAgAADE1hY2ludG9zaCBIRAAAAAAAAAAAAAAAAAAAAMsj6+dIKwAAAAVzmRB3aWxsaWFtczE5NTQucGRmAAAAAAAAAAAAAAAAAAAAAAAAAAAAAAAAAAAAAAAAAAAAAAAAAAAAAAAAAAAAAAAFm+uc0IJP6AAAAAAAAAAAAAEAAgAACSAAAAAAAAAAAAAAAAAAAAAGUGFwZXJzABAACAAAyyRcZwAAABEACAAA0ILAaAAAAAEAEAAFc5kABQ/4AAR2ywAAwB8AAgBDTWFjaW50b3NoIEhEOlVzZXJzOgBzZWFuYW5kZXJzb246AERyb3Bib3g6AFBhcGVyczoAd2lsbGlhbXMxOTU0LnBkZgAADgAiABAAdwBpAGwAbABpAGEAbQBzADEAOQA1ADQALgBwAGQAZgAPABoADABNAGEAYwBpAG4AdABvAHMAaAAgAEgARAASADJVc2Vycy9zZWFuYW5kZXJzb24vRHJvcGJveC9QYXBlcnMvd2lsbGlhbXMxOTU0LnBkZgATAAEvAAAVAAIAE///AACABtIbHB0eWiRjbGFzc25hbWVYJGNsYXNzZXNdTlNNdXRhYmxlRGF0YaMdHyBWTlNEYXRhWE5TT2JqZWN00hscIiNcTlNEaWN0aW9uYXJ5oiIgXxAPTlNLZXllZEFyY2hpdmVy0SYnVHJvb3SAAQAIABEAGgAjAC0AMgA3AEAARgBNAFUAYABnAGoAbABuAHEAcwB1AHcAhACOAKsAsAC4AloCXAJhAmwCdQKDAocCjgKXApwCqQKsAr4CwQLGAAAAAAAAAgEAAAAAAAAAKAAAAAAAAAAAAAAAAAAAAsg=}
		  
}

@Article{	  ziebarth2010,
  author	= {Ziebarth, Nicolas L. and Abbott, Karen C. and Ives,
		  Anthony R.},
  date-added	= {2014-09-26 21:14:23 +0000},
  date-modified	= {2014-09-26 21:14:44 +0000},
  doi		= {10.1111/j.1461-0248.2009.01393.x},
  journal	= {Ecol. Lett.},
  keywords	= {arma; time-series-analysis; population-dynamics},
  number	= {1},
  pages		= {21--31},
  title		= {Weak population regulation in ecological time series},
  volume	= {13},
  year		= {2010},
  bdsk-file-1	= {YnBsaXN0MDDUAQIDBAUGJCVYJHZlcnNpb25YJG9iamVjdHNZJGFyY2hpdmVyVCR0b3ASAAGGoKgHCBMUFRYaIVUkbnVsbNMJCgsMDxJXTlMua2V5c1pOUy5vYmplY3RzViRjbGFzc6INDoACgAOiEBGABIAFgAdccmVsYXRpdmVQYXRoWWFsaWFzRGF0YV8QGi4uL1BhcGVycy96aWViYXJ0aDIwMTAucGRm0hcLGBlXTlMuZGF0YU8RAZ4AAAAAAZ4AAgAADE1hY2ludG9zaCBIRAAAAAAAAAAAAAAAAAAAAMsj6+dIKwAAAAVzmRB6aWViYXJ0aDIwMTAucGRmAAAAAAAAAAAAAAAAAAAAAAAAAAAAAAAAAAAAAAAAAAAAAAAAAAAAAAAAAAAAAAAFgmYV0EslKVBERiAAAAAAAAEAAgAACSAAAAAAAAAAAAAAAAAAAAAGUGFwZXJzABAACAAAyyRcZwAAABEACAAA0EuHmQAAAAEAEAAFc5kABQ/4AAR2ywAAwB8AAgBDTWFjaW50b3NoIEhEOlVzZXJzOgBzZWFuYW5kZXJzb246AERyb3Bib3g6AFBhcGVyczoAemllYmFydGgyMDEwLnBkZgAADgAiABAAegBpAGUAYgBhAHIAdABoADIAMAAxADAALgBwAGQAZgAPABoADABNAGEAYwBpAG4AdABvAHMAaAAgAEgARAASADJVc2Vycy9zZWFuYW5kZXJzb24vRHJvcGJveC9QYXBlcnMvemllYmFydGgyMDEwLnBkZgATAAEvAAAVAAIAE///AACABtIbHB0eWiRjbGFzc25hbWVYJGNsYXNzZXNdTlNNdXRhYmxlRGF0YaMdHyBWTlNEYXRhWE5TT2JqZWN00hscIiNcTlNEaWN0aW9uYXJ5oiIgXxAPTlNLZXllZEFyY2hpdmVy0SYnVHJvb3SAAQAIABEAGgAjAC0AMgA3AEAARgBNAFUAYABnAGoAbABuAHEAcwB1AHcAhACOAKsAsAC4AloCXAJhAmwCdQKDAocCjgKXApwCqQKsAr4CwQLGAAAAAAAAAgEAAAAAAAAAKAAAAAAAAAAAAAAAAAAAAsg=}
		  ,
  bdsk-file-2	= {YnBsaXN0MDDUAQIDBAUGJCVYJHZlcnNpb25YJG9iamVjdHNZJGFyY2hpdmVyVCR0b3ASAAGGoKgHCBMUFRYaIVUkbnVsbNMJCgsMDxJXTlMua2V5c1pOUy5vYmplY3RzViRjbGFzc6INDoACgAOiEBGABIAFgAdccmVsYXRpdmVQYXRoWWFsaWFzRGF0YV8QGy4uL1BhcGVycy96aWViYXJ0aDIwMTAwLnBkZtIXCxgZV05TLmRhdGFPEQGiAAAAAAGiAAIAAAxNYWNpbnRvc2ggSEQAAAAAAAAAAAAAAAAAAADLI+vnSCsAAAAFc5kRemllYmFydGgyMDEwMC5wZGYAAAAAAAAAAAAAAAAAAAAAAAAAAAAAAAAAAAAAAAAAAAAAAAAAAAAAAAAAAAAABYJmFNBLKFxQREYgTVNXRAABAAIAAAkgAAAAAAAAAAAAAAAAAAAABlBhcGVycwAQAAgAAMskXGcAAAARAAgAANBLiswAAAABABAABXOZAAUP+AAEdssAAMAfAAIARE1hY2ludG9zaCBIRDpVc2VyczoAc2VhbmFuZGVyc29uOgBEcm9wYm94OgBQYXBlcnM6AHppZWJhcnRoMjAxMDAucGRmAA4AJAARAHoAaQBlAGIAYQByAHQAaAAyADAAMQAwADAALgBwAGQAZgAPABoADABNAGEAYwBpAG4AdABvAHMAaAAgAEgARAASADNVc2Vycy9zZWFuYW5kZXJzb24vRHJvcGJveC9QYXBlcnMvemllYmFydGgyMDEwMC5wZGYAABMAAS8AABUAAgAT//8AAIAG0hscHR5aJGNsYXNzbmFtZVgkY2xhc3Nlc11OU011dGFibGVEYXRhox0fIFZOU0RhdGFYTlNPYmplY3TSGxwiI1xOU0RpY3Rpb25hcnmiIiBfEA9OU0tleWVkQXJjaGl2ZXLRJidUcm9vdIABAAgAEQAaACMALQAyADcAQABGAE0AVQBgAGcAagBsAG4AcQBzAHUAdwCEAI4ArACxALkCXwJhAmYCcQJ6AogCjAKTApwCoQKuArECwwLGAssAAAAAAAACAQAAAAAAAAAoAAAAAAAAAAAAAAAAAAACzQ==}
		  
}
