
@Article{	  gelman2008d,
  author	= {Andrew Gelman and Aleks Jakulin and Maria Grazia Pittau
		  and Yu-Sung Su},
  date-added	= {2014-10-05 23:20:32 +0000},
  date-modified	= {2014-10-05 23:23:07 +0000},
  journal	= {Ann. Appl. Stat.},
  number	= {4},
  pages		= {1360--1383},
  title		= {A weakly informative default prior distribution for
		  logistic and other regression models},
  volume	= {2},
  year		= {2008},
  bdsk-file-1	= {YnBsaXN0MDDUAQIDBAUGJCVYJHZlcnNpb25YJG9iamVjdHNZJGFyY2hpdmVyVCR0b3ASAAGGoKgHCBMUFRYaIVUkbnVsbNMJCgsMDxJXTlMua2V5c1pOUy5vYmplY3RzViRjbGFzc6INDoACgAOiEBGABIAFgAdccmVsYXRpdmVQYXRoWWFsaWFzRGF0YV8QGS4uL1BhcGVycy9nZWxtYW4yMDA4ZC5wZGbSFwsYGVdOUy5kYXRhTxEBmgAAAAABmgACAAAMTWFjaW50b3NoIEhEAAAAAAAAAAAAAAAAAAAAyyPr50grAAAABXOZD2dlbG1hbjIwMDhkLnBkZgAAAAAAAAAAAAAAAAAAAAAAAAAAAAAAAAAAAAAAAAAAAAAAAAAAAAAAAAAAAAAAAAWCZh3QVx+2AAAAAAAAAAAAAQACAAAJIAAAAAAAAAAAAAAAAAAAAAZQYXBlcnMAEAAIAADLJFxnAAAAEQAIAADQV4ImAAAAAQAQAAVzmQAFD/gABHbLAADAHwACAEJNYWNpbnRvc2ggSEQ6VXNlcnM6AHNlYW5hbmRlcnNvbjoARHJvcGJveDoAUGFwZXJzOgBnZWxtYW4yMDA4ZC5wZGYADgAgAA8AZwBlAGwAbQBhAG4AMgAwADAAOABkAC4AcABkAGYADwAaAAwATQBhAGMAaQBuAHQAbwBzAGgAIABIAEQAEgAxVXNlcnMvc2VhbmFuZGVyc29uL0Ryb3Bib3gvUGFwZXJzL2dlbG1hbjIwMDhkLnBkZgAAEwABLwAAFQACABP//wAAgAbSGxwdHlokY2xhc3NuYW1lWCRjbGFzc2VzXU5TTXV0YWJsZURhdGGjHR8gVk5TRGF0YVhOU09iamVjdNIbHCIjXE5TRGljdGlvbmFyeaIiIF8QD05TS2V5ZWRBcmNoaXZlctEmJ1Ryb290gAEACAARABoAIwAtADIANwBAAEYATQBVAGAAZwBqAGwAbgBxAHMAdQB3AIQAjgCqAK8AtwJVAlcCXAJnAnACfgKCAokCkgKXAqQCpwK5ArwCwQAAAAAAAAIBAAAAAAAAACgAAAAAAAAAAAAAAAAAAALD}
		  
}

@Article{	  ziebarth2010,
  author	= {Ziebarth, Nicolas L. and Abbott, Karen C. and Ives,
		  Anthony R.},
  date-added	= {2014-09-26 21:14:23 +0000},
  date-modified	= {2014-09-26 21:14:44 +0000},
  doi		= {10.1111/j.1461-0248.2009.01393.x},
  journal	= {Ecol. Lett.},
  keywords	= {arma; time-series-analysis; population-dynamics},
  number	= {1},
  pages		= {21--31},
  title		= {Weak population regulation in ecological time series},
  volume	= {13},
  year		= {2010},
  bdsk-file-1	= {YnBsaXN0MDDUAQIDBAUGJCVYJHZlcnNpb25YJG9iamVjdHNZJGFyY2hpdmVyVCR0b3ASAAGGoKgHCBMUFRYaIVUkbnVsbNMJCgsMDxJXTlMua2V5c1pOUy5vYmplY3RzViRjbGFzc6INDoACgAOiEBGABIAFgAdccmVsYXRpdmVQYXRoWWFsaWFzRGF0YV8QGi4uL1BhcGVycy96aWViYXJ0aDIwMTAucGRm0hcLGBlXTlMuZGF0YU8RAZ4AAAAAAZ4AAgAADE1hY2ludG9zaCBIRAAAAAAAAAAAAAAAAAAAAMsj6+dIKwAAAAVzmRB6aWViYXJ0aDIwMTAucGRmAAAAAAAAAAAAAAAAAAAAAAAAAAAAAAAAAAAAAAAAAAAAAAAAAAAAAAAAAAAAAAAFgmYV0EslKVBERiAAAAAAAAEAAgAACSAAAAAAAAAAAAAAAAAAAAAGUGFwZXJzABAACAAAyyRcZwAAABEACAAA0EuHmQAAAAEAEAAFc5kABQ/4AAR2ywAAwB8AAgBDTWFjaW50b3NoIEhEOlVzZXJzOgBzZWFuYW5kZXJzb246AERyb3Bib3g6AFBhcGVyczoAemllYmFydGgyMDEwLnBkZgAADgAiABAAegBpAGUAYgBhAHIAdABoADIAMAAxADAALgBwAGQAZgAPABoADABNAGEAYwBpAG4AdABvAHMAaAAgAEgARAASADJVc2Vycy9zZWFuYW5kZXJzb24vRHJvcGJveC9QYXBlcnMvemllYmFydGgyMDEwLnBkZgATAAEvAAAVAAIAE///AACABtIbHB0eWiRjbGFzc25hbWVYJGNsYXNzZXNdTlNNdXRhYmxlRGF0YaMdHyBWTlNEYXRhWE5TT2JqZWN00hscIiNcTlNEaWN0aW9uYXJ5oiIgXxAPTlNLZXllZEFyY2hpdmVy0SYnVHJvb3SAAQAIABEAGgAjAC0AMgA3AEAARgBNAFUAYABnAGoAbABuAHEAcwB1AHcAhACOAKsAsAC4AloCXAJhAmwCdQKDAocCjgKXApwCqQKsAr4CwQLGAAAAAAAAAgEAAAAAAAAAKAAAAAAAAAAAAAAAAAAAAsg=}
		  ,
  bdsk-file-2	= {YnBsaXN0MDDUAQIDBAUGJCVYJHZlcnNpb25YJG9iamVjdHNZJGFyY2hpdmVyVCR0b3ASAAGGoKgHCBMUFRYaIVUkbnVsbNMJCgsMDxJXTlMua2V5c1pOUy5vYmplY3RzViRjbGFzc6INDoACgAOiEBGABIAFgAdccmVsYXRpdmVQYXRoWWFsaWFzRGF0YV8QGy4uL1BhcGVycy96aWViYXJ0aDIwMTAwLnBkZtIXCxgZV05TLmRhdGFPEQGiAAAAAAGiAAIAAAxNYWNpbnRvc2ggSEQAAAAAAAAAAAAAAAAAAADLI+vnSCsAAAAFc5kRemllYmFydGgyMDEwMC5wZGYAAAAAAAAAAAAAAAAAAAAAAAAAAAAAAAAAAAAAAAAAAAAAAAAAAAAAAAAAAAAABYJmFNBLKFxQREYgTVNXRAABAAIAAAkgAAAAAAAAAAAAAAAAAAAABlBhcGVycwAQAAgAAMskXGcAAAARAAgAANBLiswAAAABABAABXOZAAUP+AAEdssAAMAfAAIARE1hY2ludG9zaCBIRDpVc2VyczoAc2VhbmFuZGVyc29uOgBEcm9wYm94OgBQYXBlcnM6AHppZWJhcnRoMjAxMDAucGRmAA4AJAARAHoAaQBlAGIAYQByAHQAaAAyADAAMQAwADAALgBwAGQAZgAPABoADABNAGEAYwBpAG4AdABvAHMAaAAgAEgARAASADNVc2Vycy9zZWFuYW5kZXJzb24vRHJvcGJveC9QYXBlcnMvemllYmFydGgyMDEwMC5wZGYAABMAAS8AABUAAgAT//8AAIAG0hscHR5aJGNsYXNzbmFtZVgkY2xhc3Nlc11OU011dGFibGVEYXRhox0fIFZOU0RhdGFYTlNPYmplY3TSGxwiI1xOU0RpY3Rpb25hcnmiIiBfEA9OU0tleWVkQXJjaGl2ZXLRJidUcm9vdIABAAgAEQAaACMALQAyADcAQABGAE0AVQBgAGcAagBsAG4AcQBzAHUAdwCEAI4ArACxALkCXwJhAmYCcQJ6AogCjAKTApwCoQKuArECwwLGAssAAAAAAAACAQAAAAAAAAAoAAAAAAAAAAAAAAAAAAACzQ==}
		  
}

@Article{	  brook2006a,
  author	= {Brook, Barry W. and Traill, Lochran W. and Bradshaw, Corey
		  J. A.},
  date-added	= {2014-09-18 22:23:10 +0000},
  date-modified	= {2014-09-18 22:23:48 +0000},
  doi		= {10.1111/j.1461-0248.2006.00883.x},
  journal	= {Ecol. Lett.},
  number	= {4},
  pages		= {375--382},
  title		= {Minimum viable population sizes and global extinction risk
		  are unrelated},
  volume	= {9},
  year		= {2006},
  bdsk-file-1	= {YnBsaXN0MDDUAQIDBAUGJCVYJHZlcnNpb25YJG9iamVjdHNZJGFyY2hpdmVyVCR0b3ASAAGGoKgHCBMUFRYaIVUkbnVsbNMJCgsMDxJXTlMua2V5c1pOUy5vYmplY3RzViRjbGFzc6INDoACgAOiEBGABIAFgAdccmVsYXRpdmVQYXRoWWFsaWFzRGF0YV8QGC4uL1BhcGVycy9icm9vazIwMDZhLnBkZtIXCxgZV05TLmRhdGFPEQGWAAAAAAGWAAIAAAxNYWNpbnRvc2ggSEQAAAAAAAAAAAAAAAAAAADLI+vnSCsAAAAFc5kOYnJvb2syMDA2YS5wZGYAAAAAAAAAAAAAAAAAAAAAAAAAAAAAAAAAAAAAAAAAAAAAAAAAAAAAAAAAAAAAAAAABYJmBdBAqUoAAAAAAAAAAAABAAIAAAkgAAAAAAAAAAAAAAAAAAAABlBhcGVycwAQAAgAAMskXGcAAAARAAgAANBBC7oAAAABABAABXOZAAUP+AAEdssAAMAfAAIAQU1hY2ludG9zaCBIRDpVc2VyczoAc2VhbmFuZGVyc29uOgBEcm9wYm94OgBQYXBlcnM6AGJyb29rMjAwNmEucGRmAAAOAB4ADgBiAHIAbwBvAGsAMgAwADAANgBhAC4AcABkAGYADwAaAAwATQBhAGMAaQBuAHQAbwBzAGgAIABIAEQAEgAwVXNlcnMvc2VhbmFuZGVyc29uL0Ryb3Bib3gvUGFwZXJzL2Jyb29rMjAwNmEucGRmABMAAS8AABUAAgAT//8AAIAG0hscHR5aJGNsYXNzbmFtZVgkY2xhc3Nlc11OU011dGFibGVEYXRhox0fIFZOU0RhdGFYTlNPYmplY3TSGxwiI1xOU0RpY3Rpb25hcnmiIiBfEA9OU0tleWVkQXJjaGl2ZXLRJidUcm9vdIABAAgAEQAaACMALQAyADcAQABGAE0AVQBgAGcAagBsAG4AcQBzAHUAdwCEAI4AqQCuALYCUAJSAlcCYgJrAnkCfQKEAo0CkgKfAqICtAK3ArwAAAAAAAACAQAAAAAAAAAoAAAAAAAAAAAAAAAAAAACvg==}
		  
}

@Manual{	  r2014,
  address	= {Vienna, Austria},
  author	= {{R Development Core}},
  date-added	= {2014-09-17 20:05:05 +0000},
  date-modified	= {2014-10-22 17:04:43 +0000},
  note		= {Version 3.1.1},
  organization	= {R Foundation for Statistical Computing},
  title		= {R: A Language and Environment for Statistical Computing},
  url		= {http://www.R-project.org},
  year		= {2014},
  bdsk-url-1	= {http://www.R-project.org}
}

@Manual{	  stan-manual2014,
  author	= {{Stan Development Team}},
  date-added	= {2014-09-10 19:01:40 +0000},
  date-modified	= {2014-10-22 17:07:55 +0000},
  title		= {Stan Modeling Language Users Guide and Reference Manual,
		  Version 2.4.0},
  url		= {http://mc-stan.org/},
  year		= {2014},
  bdsk-url-1	= {http://mc-stan.org/}
}

@Article{	  ward2007,
  author	= {Ward, Eric J and Hilborn, Ray and Towell, Rod G and
		  Gerber, Leah},
  date-added	= {2014-08-28 17:53:13 +0000},
  date-modified	= {2014-08-28 17:53:55 +0000},
  doi		= {10.1139/f07-060},
  journal	= {Can. J. Fish. Aquat. Sci.},
  keywords	= {black-swans; catastrophes; state-space-models; bayesian;
		  dic; model-selection},
  number	= {6},
  pages		= {899--910},
  title		= {A state--space mixture approach for estimating
		  catastrophic events in time series data},
  volume	= {64},
  year		= {2007},
  bdsk-file-1	= {YnBsaXN0MDDUAQIDBAUGJCVYJHZlcnNpb25YJG9iamVjdHNZJGFyY2hpdmVyVCR0b3ASAAGGoKgHCBMUFRYaIVUkbnVsbNMJCgsMDxJXTlMua2V5c1pOUy5vYmplY3RzViRjbGFzc6INDoACgAOiEBGABIAFgAdccmVsYXRpdmVQYXRoWWFsaWFzRGF0YV8QFi4uL1BhcGVycy93YXJkMjAwNy5wZGbSFwsYGVdOUy5kYXRhTxEBjgAAAAABjgACAAAMTWFjaW50b3NoIEhEAAAAAAAAAAAAAAAAAAAAyyPr50grAAAABXOZDHdhcmQyMDA3LnBkZgAAAAAAAAAAAAAAAAAAAAAAAAAAAAAAAAAAAAAAAAAAAAAAAAAAAAAAAAAAAAAAAAAAAAWCZezQJLp7AAAAAAAAAAAAAQACAAAJIAAAAAAAAAAAAAAAAAAAAAZQYXBlcnMAEAAIAADLJFxnAAAAEQAIAADQJRzrAAAAAQAQAAVzmQAFD/gABHbLAADAHwACAD9NYWNpbnRvc2ggSEQ6VXNlcnM6AHNlYW5hbmRlcnNvbjoARHJvcGJveDoAUGFwZXJzOgB3YXJkMjAwNy5wZGYAAA4AGgAMAHcAYQByAGQAMgAwADAANwAuAHAAZABmAA8AGgAMAE0AYQBjAGkAbgB0AG8AcwBoACAASABEABIALlVzZXJzL3NlYW5hbmRlcnNvbi9Ecm9wYm94L1BhcGVycy93YXJkMjAwNy5wZGYAEwABLwAAFQACABP//wAAgAbSGxwdHlokY2xhc3NuYW1lWCRjbGFzc2VzXU5TTXV0YWJsZURhdGGjHR8gVk5TRGF0YVhOU09iamVjdNIbHCIjXE5TRGljdGlvbmFyeaIiIF8QD05TS2V5ZWRBcmNoaXZlctEmJ1Ryb290gAEACAARABoAIwAtADIANwBAAEYATQBVAGAAZwBqAGwAbgBxAHMAdQB3AIQAjgCnAKwAtAJGAkgCTQJYAmECbwJzAnoCgwKIApUCmAKqAq0CsgAAAAAAAAIBAAAAAAAAACgAAAAAAAAAAAAAAAAAAAK0}
		  
}

@Article{	  fernandez1998,
  author	= {C Fernandez and M F J Steel},
  date-added	= {2014-08-22 08:05:30 +0000},
  date-modified	= {2014-10-17 03:34:41 +0000},
  journal	= {J. Am. Stat. Assoc.},
  keywords	= {black-swans;bayesian},
  number	= {441},
  pages		= {359--371},
  title		= {On {Bayesian} Modeling of Fat Tails and Skewness},
  volume	= {93},
  year		= {1998},
  bdsk-file-1	= {YnBsaXN0MDDUAQIDBAUGJCVYJHZlcnNpb25YJG9iamVjdHNZJGFyY2hpdmVyVCR0b3ASAAGGoKgHCBMUFRYaIVUkbnVsbNMJCgsMDxJXTlMua2V5c1pOUy5vYmplY3RzViRjbGFzc6INDoACgAOiEBGABIAFgAdccmVsYXRpdmVQYXRoWWFsaWFzRGF0YV8QGy4uL1BhcGVycy9mZXJuYW5kZXoxOTk4LnBkZtIXCxgZV05TLmRhdGFPEQGiAAAAAAGiAAIAAAxNYWNpbnRvc2ggSEQAAAAAAAAAAAAAAAAAAADLI+vnSCsAAAAFc5kRZmVybmFuZGV6MTk5OC5wZGYAAAAAAAAAAAAAAAAAAAAAAAAAAAAAAAAAAAAAAAAAAAAAAAAAAAAAAAAAAAAABYJl7dAqBIAAAAAAAAAAAAABAAIAAAkgAAAAAAAAAAAAAAAAAAAABlBhcGVycwAQAAgAAMskXGcAAAARAAgAANAqZvAAAAABABAABXOZAAUP+AAEdssAAMAfAAIARE1hY2ludG9zaCBIRDpVc2VyczoAc2VhbmFuZGVyc29uOgBEcm9wYm94OgBQYXBlcnM6AGZlcm5hbmRlejE5OTgucGRmAA4AJAARAGYAZQByAG4AYQBuAGQAZQB6ADEAOQA5ADgALgBwAGQAZgAPABoADABNAGEAYwBpAG4AdABvAHMAaAAgAEgARAASADNVc2Vycy9zZWFuYW5kZXJzb24vRHJvcGJveC9QYXBlcnMvZmVybmFuZGV6MTk5OC5wZGYAABMAAS8AABUAAgAT//8AAIAG0hscHR5aJGNsYXNzbmFtZVgkY2xhc3Nlc11OU011dGFibGVEYXRhox0fIFZOU0RhdGFYTlNPYmplY3TSGxwiI1xOU0RpY3Rpb25hcnmiIiBfEA9OU0tleWVkQXJjaGl2ZXLRJidUcm9vdIABAAgAEQAaACMALQAyADcAQABGAE0AVQBgAGcAagBsAG4AcQBzAHUAdwCEAI4ArACxALkCXwJhAmYCcQJ6AogCjAKTApwCoQKuArECwwLGAssAAAAAAAACAQAAAAAAAAAoAAAAAAAAAAAAAAAAAAACzQ==}
		  
}

@Article{	  valpine2002,
  author	= {de Valpine, Perry and Hastings, Alan},
  date-added	= {2014-08-21 00:14:47 +0000},
  date-modified	= {2014-08-21 00:15:29 +0000},
  doi		= {10.1890/0012-9615(2002)072{$[$}0057:FPMIPN{$]$}2.0.CO;2},
  journal	= {Ecol. Monograph.},
  keywords	= {state-space-models},
  number	= {1},
  pages		= {57--76},
  title		= {Fitting population models incorporating process noise and
		  observation error},
  volume	= {72},
  year		= {2002},
  bdsk-file-1	= {YnBsaXN0MDDUAQIDBAUGJCVYJHZlcnNpb25YJG9iamVjdHNZJGFyY2hpdmVyVCR0b3ASAAGGoKgHCBMUFRYaIVUkbnVsbNMJCgsMDxJXTlMua2V5c1pOUy5vYmplY3RzViRjbGFzc6INDoACgAOiEBGABIAFgAdccmVsYXRpdmVQYXRoWWFsaWFzRGF0YV8QGS4uL1BhcGVycy92YWxwaW5lMjAwMi5wZGbSFwsYGVdOUy5kYXRhTxEBmgAAAAABmgACAAAMTWFjaW50b3NoIEhEAAAAAAAAAAAAAAAAAAAAyyPr50grAAAABXOZD3ZhbHBpbmUyMDAyLnBkZgAAAAAAAAAAAAAAAAAAAAAAAAAAAAAAAAAAAAAAAAAAAAAAAAAAAAAAAAAAAAAAAAWCZejQGoeZAAAAAAAAAAAAAQACAAAJIAAAAAAAAAAAAAAAAAAAAAZQYXBlcnMAEAAIAADLJFxnAAAAEQAIAADQGuoJAAAAAQAQAAVzmQAFD/gABHbLAADAHwACAEJNYWNpbnRvc2ggSEQ6VXNlcnM6AHNlYW5hbmRlcnNvbjoARHJvcGJveDoAUGFwZXJzOgB2YWxwaW5lMjAwMi5wZGYADgAgAA8AdgBhAGwAcABpAG4AZQAyADAAMAAyAC4AcABkAGYADwAaAAwATQBhAGMAaQBuAHQAbwBzAGgAIABIAEQAEgAxVXNlcnMvc2VhbmFuZGVyc29uL0Ryb3Bib3gvUGFwZXJzL3ZhbHBpbmUyMDAyLnBkZgAAEwABLwAAFQACABP//wAAgAbSGxwdHlokY2xhc3NuYW1lWCRjbGFzc2VzXU5TTXV0YWJsZURhdGGjHR8gVk5TRGF0YVhOU09iamVjdNIbHCIjXE5TRGljdGlvbmFyeaIiIF8QD05TS2V5ZWRBcmNoaXZlctEmJ1Ryb290gAEACAARABoAIwAtADIANwBAAEYATQBVAGAAZwBqAGwAbgBxAHMAdQB3AIQAjgCqAK8AtwJVAlcCXAJnAnACfgKCAokCkgKXAqQCpwK5ArwCwQAAAAAAAAIBAAAAAAAAACgAAAAAAAAAAAAAAAAAAALD}
		  
}

@Article{	  knape2008,
  author	= {Knape, Jonas},
  date-added	= {2014-07-16 06:52:13 +0000},
  date-modified	= {2014-07-16 06:52:44 +0000},
  doi		= {10.1890/08-0071.1},
  journal	= {Ecology},
  number	= {11},
  pages		= {2994--3000},
  title		= {Estimability of density dependence in models of time
		  series data},
  volume	= {89},
  year		= {2008},
  bdsk-file-1	= {YnBsaXN0MDDUAQIDBAUGJCVYJHZlcnNpb25YJG9iamVjdHNZJGFyY2hpdmVyVCR0b3ASAAGGoKgHCBMUFRYaIVUkbnVsbNMJCgsMDxJXTlMua2V5c1pOUy5vYmplY3RzViRjbGFzc6INDoACgAOiEBGABIAFgAdccmVsYXRpdmVQYXRoWWFsaWFzRGF0YV8QFy4uL1BhcGVycy9rbmFwZTIwMDgucGRm0hcLGBlXTlMuZGF0YU8RAZIAAAAAAZIAAgAADE1hY2ludG9zaCBIRAAAAAAAAAAAAAAAAAAAAMsj6+dIKwAAAAVzmQ1rbmFwZTIwMDgucGRmAAAAAAAAAAAAAAAAAAAAAAAAAAAAAAAAAAAAAAAAAAAAAAAAAAAAAAAAAAAAAAAAAAAFgmXPz+tvJAAAAAAAAAAAAAEAAgAACSAAAAAAAAAAAAAAAAAAAAAGUGFwZXJzABAACAAAyyRcZwAAABEACAAAz+vRlAAAAAEAEAAFc5kABQ/4AAR2ywAAwB8AAgBATWFjaW50b3NoIEhEOlVzZXJzOgBzZWFuYW5kZXJzb246AERyb3Bib3g6AFBhcGVyczoAa25hcGUyMDA4LnBkZgAOABwADQBrAG4AYQBwAGUAMgAwADAAOAAuAHAAZABmAA8AGgAMAE0AYQBjAGkAbgB0AG8AcwBoACAASABEABIAL1VzZXJzL3NlYW5hbmRlcnNvbi9Ecm9wYm94L1BhcGVycy9rbmFwZTIwMDgucGRmAAATAAEvAAAVAAIAE///AACABtIbHB0eWiRjbGFzc25hbWVYJGNsYXNzZXNdTlNNdXRhYmxlRGF0YaMdHyBWTlNEYXRhWE5TT2JqZWN00hscIiNcTlNEaWN0aW9uYXJ5oiIgXxAPTlNLZXllZEFyY2hpdmVy0SYnVHJvb3SAAQAIABEAGgAjAC0AMgA3AEAARgBNAFUAYABnAGoAbABuAHEAcwB1AHcAhACOAKgArQC1AksCTQJSAl0CZgJ0AngCfwKIAo0CmgKdAq8CsgK3AAAAAAAAAgEAAAAAAAAAKAAAAAAAAAAAAAAAAAAAArk=}
		  
}

@Article{	  thorson2014b,
  annote	= {doi: 10.1890/13-0187.1},
  author	= {Thorson, James T. and Ono, Kotaro and Munch, Stephan B.},
  date-added	= {2014-07-15 21:05:11 +0000},
  date-modified	= {2014-07-15 21:05:45 +0000},
  doi		= {10.1890/13-0187.1},
  journal	= {Ecology},
  number	= {2},
  pages		= {329--341},
  title		= {A {Bayesian} approach to identifying and compensating for
		  model misspecification in population models},
  volume	= {95},
  year		= {2014},
  bdsk-file-1	= {YnBsaXN0MDDUAQIDBAUGJCVYJHZlcnNpb25YJG9iamVjdHNZJGFyY2hpdmVyVCR0b3ASAAGGoKgHCBMUFRYaIVUkbnVsbNMJCgsMDxJXTlMua2V5c1pOUy5vYmplY3RzViRjbGFzc6INDoACgAOiEBGABIAFgAdccmVsYXRpdmVQYXRoWWFsaWFzRGF0YV8QGi4uL1BhcGVycy90aG9yc29uMjAxNGIucGRm0hcLGBlXTlMuZGF0YU8RAZ4AAAAAAZ4AAgAADE1hY2ludG9zaCBIRAAAAAAAAAAAAAAAAAAAAMsj6+dIKwAAAAVzmRB0aG9yc29uMjAxNGIucGRmAAAAAAAAAAAAAAAAAAAAAAAAAAAAAAAAAAAAAAAAAAAAAAAAAAAAAAAAAAAAAAAFgmXOz+rlwgAAAAAAAAAAAAEAAgAACSAAAAAAAAAAAAAAAAAAAAAGUGFwZXJzABAACAAAyyRcZwAAABEACAAAz+tIMgAAAAEAEAAFc5kABQ/4AAR2ywAAwB8AAgBDTWFjaW50b3NoIEhEOlVzZXJzOgBzZWFuYW5kZXJzb246AERyb3Bib3g6AFBhcGVyczoAdGhvcnNvbjIwMTRiLnBkZgAADgAiABAAdABoAG8AcgBzAG8AbgAyADAAMQA0AGIALgBwAGQAZgAPABoADABNAGEAYwBpAG4AdABvAHMAaAAgAEgARAASADJVc2Vycy9zZWFuYW5kZXJzb24vRHJvcGJveC9QYXBlcnMvdGhvcnNvbjIwMTRiLnBkZgATAAEvAAAVAAIAE///AACABtIbHB0eWiRjbGFzc25hbWVYJGNsYXNzZXNdTlNNdXRhYmxlRGF0YaMdHyBWTlNEYXRhWE5TT2JqZWN00hscIiNcTlNEaWN0aW9uYXJ5oiIgXxAPTlNLZXllZEFyY2hpdmVy0SYnVHJvb3SAAQAIABEAGgAjAC0AMgA3AEAARgBNAFUAYABnAGoAbABuAHEAcwB1AHcAhACOAKsAsAC4AloCXAJhAmwCdQKDAocCjgKXApwCqQKsAr4CwQLGAAAAAAAAAgEAAAAAAAAAKAAAAAAAAAAAAAAAAAAAAsg=}
		  
}

@Article{	  connors2014,
  author	= {Connors, B. M. and Cooper, A. B. and Peterman, R. M. and
		  Dulvy, N. K.},
  date-added	= {2014-07-14 20:46:32 +0000},
  date-modified	= {2014-07-14 20:47:07 +0000},
  doi		= {10.1098/rspb.2013.2935},
  journal	= {Proc. R. Soc. Lond. B},
  number	= {1787},
  title		= {The false classification of extinction risk in noisy
		  environments},
  volume	= {281},
  year		= {2014},
  bdsk-file-1	= {YnBsaXN0MDDUAQIDBAUGJCVYJHZlcnNpb25YJG9iamVjdHNZJGFyY2hpdmVyVCR0b3ASAAGGoKgHCBMUFRYaIVUkbnVsbNMJCgsMDxJXTlMua2V5c1pOUy5vYmplY3RzViRjbGFzc6INDoACgAOiEBGABIAFgAdccmVsYXRpdmVQYXRoWWFsaWFzRGF0YV8QGS4uL1BhcGVycy9jb25ub3JzMjAxNC5wZGbSFwsYGVdOUy5kYXRhTxEBmgAAAAABmgACAAAMTWFjaW50b3NoIEhEAAAAAAAAAAAAAAAAAAAAyyPr50grAAAABXOZD2Nvbm5vcnMyMDE0LnBkZgAAAAAAAAAAAAAAAAAAAAAAAAAAAAAAAAAAAAAAAAAAAAAAAAAAAAAAAAAAAAAAAAWCZczP6Y+VUERGIAAAAAAAAQACAAAJIAAAAAAAAAAAAAAAAAAAAAZQYXBlcnMAEAAIAADLJFxnAAAAEQAIAADP6fIFAAAAAQAQAAVzmQAFD/gABHbLAADAHwACAEJNYWNpbnRvc2ggSEQ6VXNlcnM6AHNlYW5hbmRlcnNvbjoARHJvcGJveDoAUGFwZXJzOgBjb25ub3JzMjAxNC5wZGYADgAgAA8AYwBvAG4AbgBvAHIAcwAyADAAMQA0AC4AcABkAGYADwAaAAwATQBhAGMAaQBuAHQAbwBzAGgAIABIAEQAEgAxVXNlcnMvc2VhbmFuZGVyc29uL0Ryb3Bib3gvUGFwZXJzL2Nvbm5vcnMyMDE0LnBkZgAAEwABLwAAFQACABP//wAAgAbSGxwdHlokY2xhc3NuYW1lWCRjbGFzc2VzXU5TTXV0YWJsZURhdGGjHR8gVk5TRGF0YVhOU09iamVjdNIbHCIjXE5TRGljdGlvbmFyeaIiIF8QD05TS2V5ZWRBcmNoaXZlctEmJ1Ryb290gAEACAARABoAIwAtADIANwBAAEYATQBVAGAAZwBqAGwAbgBxAHMAdQB3AIQAjgCqAK8AtwJVAlcCXAJnAnACfgKCAokCkgKXAqQCpwK5ArwCwQAAAAAAAAIBAAAAAAAAACgAAAAAAAAAAAAAAAAAAALD}
		  
}

@Article{	  knape2012,
  author	= {Knape, Jonas and de Valpine, Perry},
  date-added	= {2014-05-15 18:48:18 +0000},
  date-modified	= {2014-05-15 18:48:42 +0000},
  doi		= {10.1111/j.1461-0248.2011.01702.x},
  journal	= {Ecol. Lett.},
  number	= {1},
  pages		= {17--23},
  title		= {Are patterns of density dependence in the {Global
		  Population Dynamics Database} driven by uncertainty about
		  population abundance?},
  volume	= {15},
  year		= {2012},
  bdsk-file-1	= {YnBsaXN0MDDUAQIDBAUGJCVYJHZlcnNpb25YJG9iamVjdHNZJGFyY2hpdmVyVCR0b3ASAAGGoKgHCBMUFRYaIVUkbnVsbNMJCgsMDxJXTlMua2V5c1pOUy5vYmplY3RzViRjbGFzc6INDoACgAOiEBGABIAFgAdccmVsYXRpdmVQYXRoWWFsaWFzRGF0YV8QFy4uL1BhcGVycy9rbmFwZTIwMTIucGRm0hcLGBlXTlMuZGF0YU8RAZIAAAAAAZIAAgAADE1hY2ludG9zaCBIRAAAAAAAAAAAAAAAAAAAAMsj6+dIKwAAAAVzmQ1rbmFwZTIwMTIucGRmAAAAAAAAAAAAAAAAAAAAAAAAAAAAAAAAAAAAAAAAAAAAAAAAAAAAAAAAAAAAAAAAAAAFgmWaz5pZ6QAAAAAAAAAAAAEAAgAACSAAAAAAAAAAAAAAAAAAAAAGUGFwZXJzABAACAAAyyRcZwAAABEACAAAz5q8WQAAAAEAEAAFc5kABQ/4AAR2ywAAwB8AAgBATWFjaW50b3NoIEhEOlVzZXJzOgBzZWFuYW5kZXJzb246AERyb3Bib3g6AFBhcGVyczoAa25hcGUyMDEyLnBkZgAOABwADQBrAG4AYQBwAGUAMgAwADEAMgAuAHAAZABmAA8AGgAMAE0AYQBjAGkAbgB0AG8AcwBoACAASABEABIAL1VzZXJzL3NlYW5hbmRlcnNvbi9Ecm9wYm94L1BhcGVycy9rbmFwZTIwMTIucGRmAAATAAEvAAAVAAIAE///AACABtIbHB0eWiRjbGFzc25hbWVYJGNsYXNzZXNdTlNNdXRhYmxlRGF0YaMdHyBWTlNEYXRhWE5TT2JqZWN00hscIiNcTlNEaWN0aW9uYXJ5oiIgXxAPTlNLZXllZEFyY2hpdmVy0SYnVHJvb3SAAQAIABEAGgAjAC0AMgA3AEAARgBNAFUAYABnAGoAbABuAHEAcwB1AHcAhACOAKgArQC1AksCTQJSAl0CZgJ0AngCfwKIAo0CmgKdAq8CsgK3AAAAAAAAAgEAAAAAAAAAKAAAAAAAAAAAAAAAAAAAArk=}
		  
}

@Article{	  thorson2014a,
  author	= {Thorson, James T. and Jensen, Olaf P. and Zipkin, Elise
		  F.},
  date-added	= {2014-05-14 18:26:50 +0000},
  date-modified	= {2014-07-08 21:17:01 +0000},
  doi		= {10.1139/cjfas-2013-0645},
  journal	= {Can. J. Fish. Aquat. Sci.},
  number	= {7},
  pages		= {973--983},
  title		= {How variable is recruitment for exploited marine fishes? A
		  hierarchical model for testing life history theory},
  volume	= {71},
  year		= {2014},
  bdsk-file-1	= {YnBsaXN0MDDUAQIDBAUGJCVYJHZlcnNpb25YJG9iamVjdHNZJGFyY2hpdmVyVCR0b3ASAAGGoKgHCBMUFRYaIVUkbnVsbNMJCgsMDxJXTlMua2V5c1pOUy5vYmplY3RzViRjbGFzc6INDoACgAOiEBGABIAFgAdccmVsYXRpdmVQYXRoWWFsaWFzRGF0YV8QGi4uL1BhcGVycy90aG9yc29uMjAxNGEucGRm0hcLGBlXTlMuZGF0YU8RAZ4AAAAAAZ4AAgAADE1hY2ludG9zaCBIRAAAAAAAAAAAAAAAAAAAAMsj6+dIKwAAAAVzmRB0aG9yc29uMjAxNGEucGRmAAAAAAAAAAAAAAAAAAAAAAAAAAAAAAAAAAAAAAAAAAAAAAAAAAAAAAAAAAAAAAAFgmWXz5kDYQAAAAAAAAAAAAEAAgAACSAAAAAAAAAAAAAAAAAAAAAGUGFwZXJzABAACAAAyyRcZwAAABEACAAAz5ll0QAAAAEAEAAFc5kABQ/4AAR2ywAAwB8AAgBDTWFjaW50b3NoIEhEOlVzZXJzOgBzZWFuYW5kZXJzb246AERyb3Bib3g6AFBhcGVyczoAdGhvcnNvbjIwMTRhLnBkZgAADgAiABAAdABoAG8AcgBzAG8AbgAyADAAMQA0AGEALgBwAGQAZgAPABoADABNAGEAYwBpAG4AdABvAHMAaAAgAEgARAASADJVc2Vycy9zZWFuYW5kZXJzb24vRHJvcGJveC9QYXBlcnMvdGhvcnNvbjIwMTRhLnBkZgATAAEvAAAVAAIAE///AACABtIbHB0eWiRjbGFzc25hbWVYJGNsYXNzZXNdTlNNdXRhYmxlRGF0YaMdHyBWTlNEYXRhWE5TT2JqZWN00hscIiNcTlNEaWN0aW9uYXJ5oiIgXxAPTlNLZXllZEFyY2hpdmVy0SYnVHJvb3SAAQAIABEAGgAjAC0AMgA3AEAARgBNAFUAYABnAGoAbABuAHEAcwB1AHcAhACOAKsAsAC4AloCXAJhAmwCdQKDAocCjgKXApwCqQKsAr4CwQLGAAAAAAAAAgEAAAAAAAAAKAAAAAAAAAAAAAAAAAAAAsg=}
		  
}

@Article{	  clark2010,
  author	= {Clark, Francis and Brook, Barry W. and Delean, Steven and
		  Re{\c s}it Ak{\c c}akaya, H. and Bradshaw, Corey J. A.},
  date-added	= {2014-05-12 23:07:26 +0000},
  date-modified	= {2014-05-12 23:07:55 +0000},
  doi		= {10.1111/j.2041-210X.2010.00029.x},
  journal	= {Methods Ecol. Evol.},
  number	= {3},
  pages		= {253--262},
  title		= {The theta-logistic is unreliable for modelling most census
		  data},
  volume	= {1},
  year		= {2010},
  bdsk-file-1	= {YnBsaXN0MDDUAQIDBAUGJCVYJHZlcnNpb25YJG9iamVjdHNZJGFyY2hpdmVyVCR0b3ASAAGGoKgHCBMUFRYaIVUkbnVsbNMJCgsMDxJXTlMua2V5c1pOUy5vYmplY3RzViRjbGFzc6INDoACgAOiEBGABIAFgAdccmVsYXRpdmVQYXRoWWFsaWFzRGF0YV8QFy4uL1BhcGVycy9jbGFyazIwMTAucGRm0hcLGBlXTlMuZGF0YU8RAZIAAAAAAZIAAgAADE1hY2ludG9zaCBIRAAAAAAAAAAAAAAAAAAAAMsj6+dIKwAAAAVzmQ1jbGFyazIwMTAucGRmAAAAAAAAAAAAAAAAAAAAAAAAAAAAAAAAAAAAAAAAAAAAAAAAAAAAAAAAAAAAAAAAAAAFgmWVz5aguQAAAAAAAAAAAAEAAgAACSAAAAAAAAAAAAAAAAAAAAAGUGFwZXJzABAACAAAyyRcZwAAABEACAAAz5cDKQAAAAEAEAAFc5kABQ/4AAR2ywAAwB8AAgBATWFjaW50b3NoIEhEOlVzZXJzOgBzZWFuYW5kZXJzb246AERyb3Bib3g6AFBhcGVyczoAY2xhcmsyMDEwLnBkZgAOABwADQBjAGwAYQByAGsAMgAwADEAMAAuAHAAZABmAA8AGgAMAE0AYQBjAGkAbgB0AG8AcwBoACAASABEABIAL1VzZXJzL3NlYW5hbmRlcnNvbi9Ecm9wYm94L1BhcGVycy9jbGFyazIwMTAucGRmAAATAAEvAAAVAAIAE///AACABtIbHB0eWiRjbGFzc25hbWVYJGNsYXNzZXNdTlNNdXRhYmxlRGF0YaMdHyBWTlNEYXRhWE5TT2JqZWN00hscIiNcTlNEaWN0aW9uYXJ5oiIgXxAPTlNLZXllZEFyY2hpdmVy0SYnVHJvb3SAAQAIABEAGgAjAC0AMgA3AEAARgBNAFUAYABnAGoAbABuAHEAcwB1AHcAhACOAKgArQC1AksCTQJSAl0CZgJ0AngCfwKIAo0CmgKdAq8CsgK3AAAAAAAAAgEAAAAAAAAAKAAAAAAAAAAAAAAAAAAAArk=}
		  
}

@Article{	  sibly2005,
  abstract	= {A key unresolved question in population ecology concerns
		  the relationship between a population's size and its growth
		  rate. We estimated this relationship for 1780 time series
		  of mammals, birds, fish, and insects. We found that rates
		  of population growth are high at low population densities
		  but, contrary to previous predictions, decline rapidly with
		  increasing population size and then flatten out, for all
		  four taxa. This produces a strongly concave relationship
		  between a population's growth rate and its size. These
		  findings have fundamental implications for our
		  understanding of animals' lives, suggesting in particular
		  that many animals in these taxa will be found living at
		  densities above the carrying capacity of their
		  environments.},
  author	= {Sibly, Richard M. and Barker, Daniel and Denham, Michael
		  C. and Hone, Jim and Pagel, Mark},
  date-added	= {2014-04-24 00:00:51 +0000},
  date-modified	= {2014-04-24 00:00:59 +0000},
  doi		= {10.1126/science.1110760},
  journal	= {Science},
  number	= {5734},
  pages		= {607-610},
  title		= {On the Regulation of Populations of Mammals, Birds, Fish,
		  and Insects},
  volume	= {309},
  year		= {2005},
  bdsk-file-1	= {YnBsaXN0MDDUAQIDBAUGJCVYJHZlcnNpb25YJG9iamVjdHNZJGFyY2hpdmVyVCR0b3ASAAGGoKgHCBMUFRYaIVUkbnVsbNMJCgsMDxJXTlMua2V5c1pOUy5vYmplY3RzViRjbGFzc6INDoACgAOiEBGABIAFgAdccmVsYXRpdmVQYXRoWWFsaWFzRGF0YV8QFy4uL1BhcGVycy9zaWJseTIwMDUucGRm0hcLGBlXTlMuZGF0YU8RAZIAAAAAAZIAAgAADE1hY2ludG9zaCBIRAAAAAAAAAAAAAAAAAAAAMsj6+dIKwAAAAVzmQ1zaWJseTIwMDUucGRmAAAAAAAAAAAAAAAAAAAAAAAAAAAAAAAAAAAAAAAAAAAAAAAAAAAAAAAAAAAAAAAAAAAFgmWOz32hUAAAAAAAAAAAAAEAAgAACSAAAAAAAAAAAAAAAAAAAAAGUGFwZXJzABAACAAAyyRcZwAAABEACAAAz34DwAAAAAEAEAAFc5kABQ/4AAR2ywAAwB8AAgBATWFjaW50b3NoIEhEOlVzZXJzOgBzZWFuYW5kZXJzb246AERyb3Bib3g6AFBhcGVyczoAc2libHkyMDA1LnBkZgAOABwADQBzAGkAYgBsAHkAMgAwADAANQAuAHAAZABmAA8AGgAMAE0AYQBjAGkAbgB0AG8AcwBoACAASABEABIAL1VzZXJzL3NlYW5hbmRlcnNvbi9Ecm9wYm94L1BhcGVycy9zaWJseTIwMDUucGRmAAATAAEvAAAVAAIAE///AACABtIbHB0eWiRjbGFzc25hbWVYJGNsYXNzZXNdTlNNdXRhYmxlRGF0YaMdHyBWTlNEYXRhWE5TT2JqZWN00hscIiNcTlNEaWN0aW9uYXJ5oiIgXxAPTlNLZXllZEFyY2hpdmVy0SYnVHJvb3SAAQAIABEAGgAjAC0AMgA3AEAARgBNAFUAYABnAGoAbABuAHEAcwB1AHcAhACOAKgArQC1AksCTQJSAl0CZgJ0AngCfwKIAo0CmgKdAq8CsgK3AAAAAAAAAgEAAAAAAAAAKAAAAAAAAAAAAAAAAAAAArk=}
		  
}

@Article{	  segura2013,
  author	= {Segura, A. M. and Calliari, D. and Fort, H. and Lan, B.
		  L.},
  date-added	= {2014-04-13 06:10:34 +0000},
  date-modified	= {2014-04-13 06:10:45 +0000},
  doi		= {10.1111/j.1600-0706.2013.00493.x},
  journal	= {Oikos},
  number	= {12},
  pages		= {1739--1745},
  title		= {Fat tails in marine microbial population fluctuations},
  volume	= {122},
  year		= {2013},
  bdsk-file-1	= {YnBsaXN0MDDUAQIDBAUGJCVYJHZlcnNpb25YJG9iamVjdHNZJGFyY2hpdmVyVCR0b3ASAAGGoKgHCBMUFRYaIVUkbnVsbNMJCgsMDxJXTlMua2V5c1pOUy5vYmplY3RzViRjbGFzc6INDoACgAOiEBGABIAFgAdccmVsYXRpdmVQYXRoWWFsaWFzRGF0YV8QGC4uL1BhcGVycy9zZWd1cmEyMDEzLnBkZtIXCxgZV05TLmRhdGFPEQGWAAAAAAGWAAIAAAxNYWNpbnRvc2ggSEQAAAAAAAAAAAAAAAAAAADLI+vnSCsAAAAFc5kOc2VndXJhMjAxMy5wZGYAAAAAAAAAAAAAAAAAAAAAAAAAAAAAAAAAAAAAAAAAAAAAAAAAAAAAAAAAAAAAAAAABYJleM9veFMAAAAAAAAAAAABAAIAAAkgAAAAAAAAAAAAAAAAAAAABlBhcGVycwAQAAgAAMskXGcAAAARAAgAAM9v2sMAAAABABAABXOZAAUP+AAEdssAAMAfAAIAQU1hY2ludG9zaCBIRDpVc2VyczoAc2VhbmFuZGVyc29uOgBEcm9wYm94OgBQYXBlcnM6AHNlZ3VyYTIwMTMucGRmAAAOAB4ADgBzAGUAZwB1AHIAYQAyADAAMQAzAC4AcABkAGYADwAaAAwATQBhAGMAaQBuAHQAbwBzAGgAIABIAEQAEgAwVXNlcnMvc2VhbmFuZGVyc29uL0Ryb3Bib3gvUGFwZXJzL3NlZ3VyYTIwMTMucGRmABMAAS8AABUAAgAT//8AAIAG0hscHR5aJGNsYXNzbmFtZVgkY2xhc3Nlc11OU011dGFibGVEYXRhox0fIFZOU0RhdGFYTlNPYmplY3TSGxwiI1xOU0RpY3Rpb25hcnmiIiBfEA9OU0tleWVkQXJjaGl2ZXLRJidUcm9vdIABAAgAEQAaACMALQAyADcAQABGAE0AVQBgAGcAagBsAG4AcQBzAHUAdwCEAI4AqQCuALYCUAJSAlcCYgJrAnkCfQKEAo0CkgKfAqICtAK3ArwAAAAAAAACAQAAAAAAAAAoAAAAAAAAAAAAAAAAAAACvg==}
		  
}

@Article{	  gelman2006c,
  author	= {Andrew Gelman},
  date-added	= {2014-03-26 19:23:51 +0000},
  date-modified	= {2014-03-26 19:25:15 +0000},
  journal	= {Bayesian Analysis},
  number	= {3},
  pages		= {515--533},
  title		= {Prior distributions on variance parameters in hierarchical
		  models},
  volume	= {1},
  year		= {2006},
  bdsk-file-1	= {YnBsaXN0MDDUAQIDBAUGJCVYJHZlcnNpb25YJG9iamVjdHNZJGFyY2hpdmVyVCR0b3ASAAGGoKgHCBMUFRYaIVUkbnVsbNMJCgsMDxJXTlMua2V5c1pOUy5vYmplY3RzViRjbGFzc6INDoACgAOiEBGABIAFgAdccmVsYXRpdmVQYXRoWWFsaWFzRGF0YV8QGS4uL1BhcGVycy9nZWxtYW4yMDA2MC5wZGbSFwsYGVdOUy5kYXRhTxEBmgAAAAABmgACAAAMTWFjaW50b3NoIEhEAAAAAAAAAAAAAAAAAAAAyyPr50grAAAABXOZD2dlbG1hbjIwMDYwLnBkZgAAAAAAAAAAAAAAAAAAAAAAAAAAAAAAAAAAAAAAAAAAAAAAAAAAAAAAAAAAAAAAAAWCZWnPWHdOAAAAAAAAAAAAAQACAAAJIAAAAAAAAAAAAAAAAAAAAAZQYXBlcnMAEAAIAADLJFxnAAAAEQAIAADPWNm+AAAAAQAQAAVzmQAFD/gABHbLAADAHwACAEJNYWNpbnRvc2ggSEQ6VXNlcnM6AHNlYW5hbmRlcnNvbjoARHJvcGJveDoAUGFwZXJzOgBnZWxtYW4yMDA2MC5wZGYADgAgAA8AZwBlAGwAbQBhAG4AMgAwADAANgAwAC4AcABkAGYADwAaAAwATQBhAGMAaQBuAHQAbwBzAGgAIABIAEQAEgAxVXNlcnMvc2VhbmFuZGVyc29uL0Ryb3Bib3gvUGFwZXJzL2dlbG1hbjIwMDYwLnBkZgAAEwABLwAAFQACABP//wAAgAbSGxwdHlokY2xhc3NuYW1lWCRjbGFzc2VzXU5TTXV0YWJsZURhdGGjHR8gVk5TRGF0YVhOU09iamVjdNIbHCIjXE5TRGljdGlvbmFyeaIiIF8QD05TS2V5ZWRBcmNoaXZlctEmJ1Ryb290gAEACAARABoAIwAtADIANwBAAEYATQBVAGAAZwBqAGwAbgBxAHMAdQB3AIQAjgCqAK8AtwJVAlcCXAJnAnACfgKCAokCkgKXAqQCpwK5ArwCwQAAAAAAAAIBAAAAAAAAACgAAAAAAAAAAAAAAAAAAALD}
		  
}

@Book{		  gelman2006a,
  address	= {Cambridge, UK},
  author	= {Andrew Gelman and Jennifer Hill},
  date-added	= {2010-04-11 18:30:21 -0300},
  date-modified	= {2014-02-11 00:29:06 +0000},
  keywords	= {multilevel-models; regression, regression},
  publisher	= {Cambridge University Press},
  title		= {Data Analysis Using Regression and Multilevel/Hierarchical
		  Models},
  year		= {2006}
}

@Article{	  gelman2008c,
  author	= {Andrew Gelman},
  date-added	= {2009-12-18 15:21:57 -0400},
  date-modified	= {2013-05-28 02:51:31 +0000},
  doi		= {10.1002/sim.3107},
  journal	= {Statist. Med. },
  keywords	= {regression},
  pages		= {2865--2873},
  title		= {Scaling regression inputs by dividing by two standard
		  deviations},
  volume	= {27},
  year		= {2008},
  bdsk-file-1	= {YnBsaXN0MDDUAQIDBAUGJCVYJHZlcnNpb25YJG9iamVjdHNZJGFyY2hpdmVyVCR0b3ASAAGGoKgHCBMUFRYaIVUkbnVsbNMJCgsMDxJXTlMua2V5c1pOUy5vYmplY3RzViRjbGFzc6INDoACgAOiEBGABIAFgAdccmVsYXRpdmVQYXRoWWFsaWFzRGF0YV8QGS4uL1BhcGVycy9nZWxtYW4yMDA4Yy5wZGbSFwsYGVdOUy5kYXRhTxEBmgAAAAABmgACAAAMTWFjaW50b3NoIEhEAAAAAAAAAAAAAAAAAAAAyyPr50grAAAABXOZD2dlbG1hbjIwMDhjLnBkZgAAAAAAAAAAAAAAAAAAAAAAAAAAAAAAAAAAAAAAAAAAAAAAAAAAAAAAAAAAAAAAAAWCXJjIzgQeAAAAAAAAAAAAAQACAAAJIAAAAAAAAAAAAAAAAAAAAAZQYXBlcnMAEAAIAADLJFxnAAAAEQAIAADIzmaOAAAAAQAQAAVzmQAFD/gABHbLAADAHwACAEJNYWNpbnRvc2ggSEQ6VXNlcnM6AHNlYW5hbmRlcnNvbjoARHJvcGJveDoAUGFwZXJzOgBnZWxtYW4yMDA4Yy5wZGYADgAgAA8AZwBlAGwAbQBhAG4AMgAwADAAOABjAC4AcABkAGYADwAaAAwATQBhAGMAaQBuAHQAbwBzAGgAIABIAEQAEgAxVXNlcnMvc2VhbmFuZGVyc29uL0Ryb3Bib3gvUGFwZXJzL2dlbG1hbjIwMDhjLnBkZgAAEwABLwAAFQACABP//wAAgAbSGxwdHlokY2xhc3NuYW1lWCRjbGFzc2VzXU5TTXV0YWJsZURhdGGjHR8gVk5TRGF0YVhOU09iamVjdNIbHCIjXE5TRGljdGlvbmFyeaIiIF8QD05TS2V5ZWRBcmNoaXZlctEmJ1Ryb290gAEACAARABoAIwAtADIANwBAAEYATQBVAGAAZwBqAGwAbgBxAHMAdQB3AIQAjgCqAK8AtwJVAlcCXAJnAnACfgKCAokCkgKXAqQCpwK5ArwCwQAAAAAAAAIBAAAAAAAAACgAAAAAAAAAAAAAAAAAAALD}
		  ,
  bdsk-url-1	= {http://dx.doi.org/10.1002/sim.3107}
}
